<?xml version="1.0" encoding="UTF-8"?>
<!DOCTYPE html PUBLIC "-//W3C//DTD XHTML 1.0 Transitional//EN"
    "http://www.w3.org/TR/xhtml1/DTD/xhtml1-transitional.dtd">
<html xmlns="http://www.w3.org/1999/xhtml" xml:lang="en" lang="en">
 <head>
  <title>
</title>
<meta http-equiv="Content-Type" content="text/html;charset=utf-8" />
  <meta name='ocr-system' content='tesseract 3.04.00' />
  <meta name='ocr-capabilities' content='ocr_page ocr_carea ocr_par ocr_line ocrx_word'/>
</head>
<body>
  <div class='ocr_page' id='page_1' title='image "./quaeratiointerc00michgoog_0019.png"; bbox 0 0 4358 5820; ppageno 0'>
   <div class='ocr_carea' id='block_1_1' title="bbox 1213 301 1236 364">
    <p class='ocr_par' dir='ltr' id='par_1_1' title="bbox 1213 301 1236 364">
     <span class='ocr_line' id='line_1_1' title="bbox 1213 301 1236 364; baseline 0 0"><span class='ocrx_word' id='word_1_1' title='bbox 1213 301 1236 364; x_wconf 77' lang='lat'>4</span> 
     </span>
    </p>
   </div>
   <div class='ocr_carea' id='block_1_2' title="bbox 480 517 1980 2489">
    <p class='ocr_par' dir='ltr' id='par_1_2' title="bbox 480 517 1980 2489">
     <span class='ocr_line' id='line_1_2' title="bbox 579 517 1971 603; baseline 0.001 -17"><span class='ocrx_word' id='word_1_2' title='bbox 579 517 727 586; x_wconf 86' lang='lat' dir='ltr'><strong>Numero</strong></span> <span class='ocrx_word' id='word_1_3' title='bbox 751 524 861 586; x_wconf 90' lang='lat' dir='ltr'><strong>autem</strong></span> <span class='ocrx_word' id='word_1_4' title='bbox 883 519 1040 602; x_wconf 90' lang='lat' dir='ltr'><strong>locorum,</strong></span> <span class='ocrx_word' id='word_1_5' title='bbox 1077 518 1195 603; x_wconf 90' lang='lat' dir='ltr'><strong>quibus</strong></span> <span class='ocrx_word' id='word_1_6' title='bbox 1219 518 1452 603; x_wconf 90' lang='lat' dir='ltr'><strong>grammaticus</strong></span> <span class='ocrx_word' id='word_1_7' title='bbox 1487 519 1531 586; x_wconf 94' lang='grc'><strong>61</strong></span> <span class='ocrx_word' id='word_1_8' title='bbox 1558 518 1708 587; x_wconf 89' lang='lat' dir='ltr'><strong>latiorem</strong></span> <span class='ocrx_word' id='word_1_9' title='bbox 1732 527 1767 588; x_wconf 95' lang='lat' dir='ltr'><strong>et</strong></span> <span class='ocrx_word' id='word_1_10' title='bbox 1788 519 1971 588; x_wconf 73' lang='lat' dir='ltr'>uberiorem</span> 
     </span>
     <span class='ocr_line' id='line_1_3' title="bbox 484 609 1971 695; baseline 0.001 -19"><span class='ocrx_word' id='word_1_11' title='bbox 484 610 724 676; x_wconf 79' lang='lat' dir='ltr'><strong>enarrationem</strong></span> <span class='ocrx_word' id='word_1_12' title='bbox 747 610 906 691; x_wconf 90' lang='lat' dir='ltr'><strong>ascendit,</strong></span> <span class='ocrx_word' id='word_1_13' title='bbox 943 615 977 676; x_wconf 91' lang='lat' dir='ltr'><strong>et</strong></span> <span class='ocrx_word' id='word_1_14' title='bbox 1010 612 1171 693; x_wconf 83' lang='lat' dir='ltr'><strong>gravitate</strong></span> <span class='ocrx_word' id='word_1_15' title='bbox 1205 631 1315 676; x_wconf 88' lang='lat' dir='ltr'><strong>rerum</strong></span> <span class='ocrx_word' id='word_1_16' title='bbox 1337 609 1439 676; x_wconf 86' lang='lat' dir='ltr'><strong>fusius</strong></span> <span class='ocrx_word' id='word_1_17' title='bbox 1475 614 1509 674; x_wconf 90' lang='grc'><strong>61</strong></span> <span class='ocrx_word' id='word_1_18' title='bbox 1536 610 1698 694; x_wconf 75' lang='lat' dir='ltr'><strong>copiosius</strong></span> <span class='ocrx_word' id='word_1_19' title='bbox 1723 610 1971 695; x_wconf 75' lang='lat' dir='ltr'><strong>explanatorum</strong></span> 
     </span>
     <span class='ocr_line' id='line_1_4' title="bbox 482 698 1973 784; baseline 0 -18"><span class='ocrx_word' id='word_1_20' title='bbox 482 701 569 766; x_wconf 92' lang='grc'><strong>16166</strong></span> <span class='ocrx_word' id='word_1_21' title='bbox 592 721 703 767; x_wconf 91' lang='lat' dir='ltr'><strong>omnes</strong></span> <span class='ocrx_word' id='word_1_22' title='bbox 728 701 920 767; x_wconf 87' lang='lat' dir='ltr'><strong>onomastici</strong></span> <span class='ocrx_word' id='word_1_23' title='bbox 944 700 1046 767; x_wconf 91' lang='lat' dir='ltr'><strong>libros</strong></span> <span class='ocrx_word' id='word_1_24' title='bbox 1069 701 1179 767; x_wconf 92' lang='lat' dir='ltr'><strong>nescio</strong></span> <span class='ocrx_word' id='word_1_25' title='bbox 1203 721 1245 766; x_wconf 91' lang='lat' dir='ltr'><strong>an</strong></span> <span class='ocrx_word' id='word_1_26' title='bbox 1268 702 1407 784; x_wconf 92' lang='lat' dir='ltr'><strong>primum</strong></span> <span class='ocrx_word' id='word_1_27' title='bbox 1422 698 1531 768; x_wconf 92' lang='lat' dir='ltr'><strong>iocum</strong></span> <span class='ocrx_word' id='word_1_28' title='bbox 1554 706 1667 767; x_wconf 90' lang='lat' dir='ltr'><strong>teneat</strong></span> <span class='ocrx_word' id='word_1_29' title='bbox 1689 707 1834 768; x_wconf 90' lang='lat' dir='ltr'><strong>octavus.</strong></span> <span class='ocrx_word' id='word_1_30' title='bbox 1857 699 1973 768; x_wconf 86' lang='lat' dir='ltr'><strong>Habet</strong></span> 
     </span>
     <span class='ocr_line' id='line_1_5' title="bbox 481 788 1973 874; baseline 0.002 -19"><span class='ocrx_word' id='word_1_31' title='bbox 481 790 566 855; x_wconf 92' lang='lat' dir='ltr'><strong>euim</strong></span> <span class='ocrx_word' id='word_1_32' title='bbox 590 790 644 856; x_wconf 93' lang='lat' dir='ltr'><strong>hic</strong></span> <span class='ocrx_word' id='word_1_33' title='bbox 666 790 750 856; x_wconf 92' lang='lat' dir='ltr'><strong>liber</strong></span> <span class='ocrx_word' id='word_1_34' title='bbox 771 796 904 874; x_wconf 89' lang='lat' dir='ltr'><strong>praeter</strong></span> <span class='ocrx_word' id='word_1_35' title='bbox 926 791 1046 857; x_wconf 92' lang='lat' dir='ltr'><strong>multos</strong></span> <span class='ocrx_word' id='word_1_36' title='bbox 1071 791 1200 857; x_wconf 89' lang='lat' dir='ltr'><strong>ordines</strong></span> <span class='ocrx_word' id='word_1_37' title='bbox 1222 788 1456 857; x_wconf 89' lang='lat' dir='ltr'><strong>vocabulorum</strong></span> <span class='ocrx_word' id='word_1_38' title='bbox 1479 788 1654 858; x_wconf 87' lang='grc'><strong>1666661666</strong></span> <span class='ocrx_word' id='word_1_39' title='bbox 1684 791 1794 874; x_wconf 91' lang='lat' dir='ltr'><strong>capita</strong></span> <span class='ocrx_word' id='word_1_40' title='bbox 1816 789 1973 858; x_wconf 90' lang='lat' dir='ltr'><strong>nonnulla</strong></span> 
     </span>
     <span class='ocr_line' id='line_1_6' title="bbox 482 878 1974 964; baseline -0.001 -17"><span class='ocrx_word' id='word_1_41' title='bbox 482 880 526 947; x_wconf 80' lang='grc'><strong>61</strong></span> <span class='ocrx_word' id='word_1_42' title='bbox 549 880 765 962; x_wconf 90' lang='lat' dir='ltr'><strong>antiquitates</strong></span> <span class='ocrx_word' id='word_1_43' title='bbox 789 878 1040 947; x_wconf 80' lang='lat' dir='ltr'><strong>Atheniensium</strong></span> <span class='ocrx_word' id='word_1_44' title='bbox 1063 882 1257 964; x_wconf 74' lang='lat' dir='ltr'><strong>spectantia,</strong></span> <span class='ocrx_word' id='word_1_45' title='bbox 1280 880 1314 946; x_wconf 93' lang='lat' dir='ltr'><strong>in</strong></span> <span class='ocrx_word' id='word_1_46' title='bbox 1338 879 1456 963; x_wconf 90' lang='lat' dir='ltr'><strong>quibus</strong></span> <span class='ocrx_word' id='word_1_47' title='bbox 1480 880 1607 963; x_wconf 90' lang='lat' dir='ltr'><strong>singula</strong></span> <span class='ocrx_word' id='word_1_48' title='bbox 1629 881 1716 947; x_wconf 90' lang='lat' dir='ltr'><strong>inter</strong></span> <span class='ocrx_word' id='word_1_49' title='bbox 1737 902 1772 947; x_wconf 91' lang='lat' dir='ltr'><strong>se</strong></span> <span class='ocrx_word' id='word_1_50' title='bbox 1796 880 1974 947; x_wconf 82' lang='lat' dir='ltr'><strong>cohaerent</strong></span> 
     </span>
     <span class='ocr_line' id='line_1_7' title="bbox 481 968 1973 1054; baseline 0.001 -19"><span class='ocrx_word' id='word_1_51' title='bbox 481 975 516 1036; x_wconf 91' lang='lat' dir='ltr'><strong>et</strong></span> <span class='ocrx_word' id='word_1_52' title='bbox 538 974 709 1035; x_wconf 90' lang='lat' dir='ltr'><strong>contextus</strong></span> <span class='ocrx_word' id='word_1_53' title='bbox 733 970 866 1052; x_wconf 92' lang='lat' dir='ltr'><strong>quidam</strong></span> <span class='ocrx_word' id='word_1_54' title='bbox 890 977 923 1036; x_wconf 92' lang='lat' dir='ltr'><strong>et</strong></span> <span class='ocrx_word' id='word_1_55' title='bbox 946 971 1148 1037; x_wconf 90' lang='lat' dir='ltr'><strong>continuatio</strong></span> <span class='ocrx_word' id='word_1_56' title='bbox 1171 971 1324 1038; x_wconf 87' lang='lat' dir='ltr'><strong>cernitur.</strong></span> <span class='ocrx_word' id='word_1_57' title='bbox 1355 968 1410 1037; x_wconf 84' lang='lat' dir='ltr'><strong>Sic</strong></span> <span class='ocrx_word' id='word_1_58' title='bbox 1432 969 1490 1035; x_wconf 93' lang='lat' dir='ltr'><strong>nbi</strong></span> <span class='ocrx_word' id='word_1_59' title='bbox 1512 970 1553 1037; x_wconf 93' lang='grc'><strong>16</strong></span> <span class='ocrx_word' id='word_1_60' title='bbox 1576 971 1801 1036; x_wconf 74' lang='lat' dir='ltr'><strong>instrumentis</strong></span> <span class='ocrx_word' id='word_1_61' title='bbox 1821 971 1973 1054; x_wconf 89' lang='lat' dir='ltr'><strong>vasisque</strong></span> 
     </span>
     <span class='ocr_line' id='line_1_8' title="bbox 480 1051 1973 1145; baseline 0.001 -22"><span class='ocrx_word' id='word_1_62' title='bbox 480 1058 674 1126; x_wconf 80' lang='lat' dir='ltr'><strong>forensibus·</strong></span> <span class='ocrx_word' id='word_1_63' title='bbox 688 1051 723 1140; x_wconf 67' lang='grc' dir='ltr'><strong>(ἓ</strong></span> <span class='ocrx_word' id='word_1_64' title='bbox 745 1060 786 1127; x_wconf 90' lang='grc'><strong>16</strong></span> <span class='ocrx_word' id='word_1_65' title='bbox 799 1089 843 1102; x_wconf 90' lang='grc'>-</span> <span class='ocrx_word' id='word_1_66' title='bbox 855 1052 874 1139; x_wconf 67' lang='grc' dir='ltr'><strong>ἕ</strong></span> <span class='ocrx_word' id='word_1_67' title='bbox 887 1053 956 1140; x_wconf 81' lang='grc'><strong>21),</strong></span> <span class='ocrx_word' id='word_1_68' title='bbox 985 1061 1027 1126; x_wconf 91' lang='grc'><strong>16</strong></span> <span class='ocrx_word' id='word_1_69' title='bbox 1050 1059 1236 1128; x_wconf 88' lang='lat' dir='ltr'><strong>actionibus</strong></span> <span class='ocrx_word' id='word_1_70' title='bbox 1258 1060 1396 1145; x_wconf 88' lang='lat' dir='ltr'><strong>privatis</strong></span> <span class='ocrx_word' id='word_1_71' title='bbox 1418 1065 1454 1126; x_wconf 90' lang='lat' dir='ltr'><strong>et</strong></span> <span class='ocrx_word' id='word_1_72' title='bbox 1474 1059 1615 1144; x_wconf 89' lang='lat' dir='ltr'><strong>publicis</strong></span> <span class='ocrx_word' id='word_1_73' title='bbox 1641 1051 1734 1142; x_wconf 63' lang='grc'><strong>(132</strong></span> <span class='ocrx_word' id='word_1_74' title='bbox 1748 1096 1786 1107; x_wconf 88' lang='lat'><em>-</em></span> <span class='ocrx_word' id='word_1_75' title='bbox 1801 1051 1902 1144; x_wconf 63' lang='grc'><strong>184),</strong></span> <span class='ocrx_word' id='word_1_76' title='bbox 1932 1059 1973 1125; x_wconf 93' lang='grc'><strong>16</strong></span> 
     </span>
     <span class='ocr_line' id='line_1_9' title="bbox 482 1140 1975 1234; baseline 0.002 -21"><span class='ocrx_word' id='word_1_77' title='bbox 482 1147 730 1231; x_wconf 89' lang='lat' dir='ltr'><strong>magistratibus</strong></span> <span class='ocrx_word' id='word_1_78' title='bbox 758 1148 952 1234; x_wconf 90' lang='lat' dir='ltr'><strong>iudiciisque</strong></span> <span class='ocrx_word' id='word_1_79' title='bbox 979 1146 1104 1216; x_wconf 89' lang='lat' dir='ltr'><strong>Atticis</strong></span> <span class='ocrx_word' id='word_1_80' title='bbox 1133 1140 1430 1231; x_wconf 60' lang='grc'><strong>(1181-1128)</strong></span> <span class='ocrx_word' id='word_1_81' title='bbox 1459 1149 1577 1232; x_wconf 89' lang='lat' dir='ltr'><strong>agitur,</strong></span> <span class='ocrx_word' id='word_1_82' title='bbox 1607 1154 1685 1233; x_wconf 89' lang='lat' dir='ltr'><strong>apto</strong></span> <span class='ocrx_word' id='word_1_83' title='bbox 1713 1149 1841 1216; x_wconf 91' lang='lat' dir='ltr'><strong>viuculo</strong></span> <span class='ocrx_word' id='word_1_84' title='bbox 1865 1148 1975 1217; x_wconf 89' lang='lat' dir='ltr'><strong>omnia</strong></span> 
     </span>
     <span class='ocr_line' id='line_1_10' title="bbox 484 1234 1976 1324; baseline -0.001 -18"><span class='ocrx_word' id='word_1_85' title='bbox 484 1242 563 1306; x_wconf 91' lang='lat' dir='ltr'><strong>sunt</strong></span> <span class='ocrx_word' id='word_1_86' title='bbox 579 1234 769 1305; x_wconf 75' lang='grc'><strong>’6661616116</strong></span> <span class='ocrx_word' id='word_1_87' title='bbox 813 1237 869 1307; x_wconf 89' lang='lat' dir='ltr'><strong>Ac</strong></span> <span class='ocrx_word' id='word_1_88' title='bbox 889 1244 1091 1324; x_wconf 83' lang='lat' dir='ltr'><strong>postremum</strong></span> <span class='ocrx_word' id='word_1_89' title='bbox 1114 1239 1239 1307; x_wconf 89' lang='lat' dir='ltr'><strong>horum</strong></span> <span class='ocrx_word' id='word_1_90' title='bbox 1264 1240 1410 1323; x_wconf 89' lang='lat' dir='ltr'><strong>capitum</strong></span> <span class='ocrx_word' id='word_1_91' title='bbox 1444 1260 1509 1307; x_wconf 94' lang='lat' dir='ltr'><strong>non</strong></span> <span class='ocrx_word' id='word_1_92' title='bbox 1544 1239 1650 1306; x_wconf 91' lang='lat' dir='ltr'><strong>solum</strong></span> <span class='ocrx_word' id='word_1_93' title='bbox 1677 1238 1913 1323; x_wconf 87' lang='lat' dir='ltr'><strong>amplissimum</strong></span> <span class='ocrx_word' id='word_1_94' title='bbox 1939 1243 1976 1305; x_wconf 85' lang='grc'><strong>61</strong></span> 
     </span>
     <span class='ocr_line' id='line_1_11' title="bbox 484 1326 1975 1413; baseline 0.001 -21"><span class='ocrx_word' id='word_1_95' title='bbox 484 1327 710 1411; x_wconf 90' lang='lat' dir='ltr'><strong>gravissimum</strong></span> <span class='ocrx_word' id='word_1_96' title='bbox 746 1334 806 1410; x_wconf 91' lang='lat' dir='ltr'><strong>est,</strong></span> <span class='ocrx_word' id='word_1_97' title='bbox 845 1329 905 1395; x_wconf 93' lang='lat' dir='ltr'><strong>sed</strong></span> <span class='ocrx_word' id='word_1_98' title='bbox 943 1329 1042 1395; x_wconf 91' lang='lat' dir='ltr'><strong>etiam</strong></span> <span class='ocrx_word' id='word_1_99' title='bbox 1069 1326 1220 1396; x_wconf 87' lang='lat' dir='ltr'><strong>bonitate</strong></span> <span class='ocrx_word' id='word_1_100' title='bbox 1248 1328 1348 1396; x_wconf 85' lang='lat' dir='ltr'><strong>fontis</strong></span> <span class='ocrx_word' id='word_1_101' title='bbox 1377 1328 1583 1413; x_wconf 89' lang='lat' dir='ltr'><strong>potissimum</strong></span> <span class='ocrx_word' id='word_1_102' title='bbox 1612 1352 1633 1395; x_wconf 89' lang='lat' dir='ltr'><strong>a</strong></span> <span class='ocrx_word' id='word_1_103' title='bbox 1659 1329 1795 1397; x_wconf 86' lang='lat' dir='ltr'><strong>Polluce</strong></span> <span class='ocrx_word' id='word_1_104' title='bbox 1825 1327 1975 1413; x_wconf 90' lang='lat' dir='ltr'><strong>usurpati</strong></span> 
     </span>
     <span class='ocr_line' id='line_1_12' title="bbox 485 1415 1975 1502; baseline 0.001 -20"><span class='ocrx_word' id='word_1_105' title='bbox 485 1416 620 1499; x_wconf 89' lang='lat' dir='ltr'><strong>reliquis</strong></span> <span class='ocrx_word' id='word_1_106' title='bbox 642 1417 739 1500; x_wconf 90' lang='lat' dir='ltr'><strong>longe</strong></span> <span class='ocrx_word' id='word_1_107' title='bbox 766 1423 936 1502; x_wconf 88' lang='lat' dir='ltr'><strong>praestare</strong></span> <span class='ocrx_word' id='word_1_108' title='bbox 959 1417 1098 1485; x_wconf 85' lang='lat' dir='ltr'><strong>videtur.</strong></span> <span class='ocrx_word' id='word_1_109' title='bbox 1144 1417 1276 1484; x_wconf 85' lang='lat' dir='ltr'><strong>Etenim</strong></span> <span class='ocrx_word' id='word_1_110' title='bbox 1304 1417 1409 1485; x_wconf 89' lang='lat' dir='ltr'><strong>muita</strong></span> <span class='ocrx_word' id='word_1_111' title='bbox 1437 1420 1685 1499; x_wconf 89' lang='lat' dir='ltr'><strong>grammaticum</strong></span> <span class='ocrx_word' id='word_1_112' title='bbox 1714 1440 1755 1486; x_wconf 90' lang='lat' dir='ltr'><strong>ex</strong></span> <span class='ocrx_word' id='word_1_113' title='bbox 1782 1415 1975 1485; x_wconf 79' lang='lat' dir='ltr'><strong>Aristotelis</strong></span> 
     </span>
     <span class='ocr_line' id='line_1_13' title="bbox 486 1505 1976 1593; baseline 0.001 -21"><span class='ocrx_word' id='word_1_114' title='bbox 486 1506 527 1572; x_wconf 93' lang='grc'><strong>16</strong></span> <span class='ocrx_word' id='word_1_115' title='bbox 552 1505 737 1589; x_wconf 85' lang='lat' dir='ltr'><strong>Republica</strong></span> <span class='ocrx_word' id='word_1_116' title='bbox 759 1505 1012 1574; x_wconf 82' lang='lat' dir='ltr'><strong>Atheniensium</strong></span> <span class='ocrx_word' id='word_1_117' title='bbox 1034 1508 1147 1574; x_wconf 92' lang='lat' dir='ltr'><strong>libello</strong></span> <span class='ocrx_word' id='word_1_118' title='bbox 1171 1509 1212 1574; x_wconf 91' lang='lat' dir='ltr'><strong>de</strong></span> <span class='ocrx_word' id='word_1_119' title='bbox 1235 1509 1411 1593; x_wconf 82' lang='lat' dir='ltr'><strong>compsisse</strong></span> <span class='ocrx_word' id='word_1_120' title='bbox 1433 1508 1520 1573; x_wconf 89' lang='lat' dir='ltr'><strong>viros</strong></span> <span class='ocrx_word' id='word_1_121' title='bbox 1543 1508 1667 1589; x_wconf 90' lang='lat' dir='ltr'><strong>doctos,</strong></span> <span class='ocrx_word' id='word_1_122' title='bbox 1693 1510 1749 1592; x_wconf 93' lang='lat' dir='ltr'><strong>qui</strong></span> <span class='ocrx_word' id='word_1_123' title='bbox 1772 1507 1812 1574; x_wconf 91' lang='grc'><strong>16</strong></span> <span class='ocrx_word' id='word_1_124' title='bbox 1835 1508 1976 1574; x_wconf 89' lang='lat' dir='ltr'><strong>auctori·</strong></span> 
     </span>
     <span class='ocr_line' id='line_1_14' title="bbox 485 1529 1975 1682; baseline 0 -20"><span class='ocrx_word' id='word_1_125' title='bbox 485 1600 555 1662; x_wconf 90' lang='lat' dir='ltr'><strong>tate</strong></span> <span class='ocrx_word' id='word_1_126' title='bbox 578 1596 647 1661; x_wconf 93' lang='lat' dir='ltr'><strong>eius</strong></span> <span class='ocrx_word' id='word_1_127' title='bbox 670 1595 735 1662; x_wconf 92' lang='lat' dir='ltr'><strong>loci</strong></span> <span class='ocrx_word' id='word_1_128' title='bbox 759 1597 991 1678; x_wconf 88' lang='lat' dir='ltr'><strong>disseruerunt,</strong></span> <span class='ocrx_word' id='word_1_129' title='bbox 1016 1618 1080 1663; x_wconf 94' lang='lat' dir='ltr'><strong>non</strong></span> <span class='ocrx_word' id='word_1_130' title='bbox 1103 1597 1186 1680; x_wconf 85' lang='lat' dir='ltr'><strong>fugit</strong></span> <span class='ocrx_word' id='word_1_131' title='bbox 1212 1529 1269 1676; x_wconf 63' lang='lat' dir='ltr'><strong>ies.</strong></span> <span class='ocrx_word' id='word_1_132' title='bbox 1285 1596 1485 1666; x_wconf 88' lang='lat' dir='ltr'><strong>Valentinus</strong></span> <span class='ocrx_word' id='word_1_133' title='bbox 1507 1596 1597 1664; x_wconf 85' lang='lat' dir='ltr'><strong>Rose</strong></span> <span class='ocrx_word' id='word_1_134' title='bbox 1612 1596 1754 1665; x_wconf 87' lang='lat' dir='ltr'><strong>Aristot.</strong></span> <span class='ocrx_word' id='word_1_135' title='bbox 1770 1598 1975 1682; x_wconf 90' lang='lat' dir='ltr'><strong>pseudepigr.</strong></span> 
     </span>
     <span class='ocr_line' id='line_1_15' title="bbox 485 1685 1976 1771; baseline 0.001 -21"><span class='ocrx_word' id='word_1_136' title='bbox 485 1707 518 1770; x_wconf 93' lang='lat' dir='ltr'><strong>p.</strong></span> <span class='ocrx_word' id='word_1_137' title='bbox 542 1685 608 1750; x_wconf 82' lang='lat'><strong>426</strong></span> <span class='ocrx_word' id='word_1_138' title='bbox 631 1706 680 1769; x_wconf 97' lang='lat' dir='ltr'><strong>sq.</strong></span> <span class='ocrx_word' id='word_1_139' title='bbox 728 1685 840 1753; x_wconf 77' lang='lat' dir='ltr'><strong>Fedor</strong></span> <span class='ocrx_word' id='word_1_140' title='bbox 861 1707 925 1753; x_wconf 91' lang='lat' dir='ltr'><strong>von</strong></span> <span class='ocrx_word' id='word_1_141' title='bbox 949 1685 1129 1770; x_wconf 85' lang='lat' dir='ltr'><strong>Stojentin:</strong></span> <span class='ocrx_word' id='word_1_142' title='bbox 1153 1686 1207 1752; x_wconf 91' lang='lat' dir='ltr'><strong>De</strong></span> <span class='ocrx_word' id='word_1_143' title='bbox 1230 1685 1314 1752; x_wconf 87' lang='lat' dir='ltr'><strong>Julii</strong></span> <span class='ocrx_word' id='word_1_144' title='bbox 1336 1686 1482 1753; x_wconf 87' lang='lat' dir='ltr'><strong>Pollucis</strong></span> <span class='ocrx_word' id='word_1_145' title='bbox 1505 1687 1538 1752; x_wconf 94' lang='lat' dir='ltr'><strong>in</strong></span> <span class='ocrx_word' id='word_1_146' title='bbox 1561 1688 1701 1771; x_wconf 92' lang='lat' dir='ltr'><strong>publicis</strong></span> <span class='ocrx_word' id='word_1_147' title='bbox 1723 1686 1976 1754; x_wconf 85' lang='lat' dir='ltr'><strong>Atheniensium</strong></span> 
     </span>
     <span class='ocr_line' id='line_1_16' title="bbox 485 1768 1976 1857; baseline 0 -15"><span class='ocrx_word' id='word_1_148' title='bbox 485 1774 739 1857; x_wconf 88' lang='lat' dir='ltr'><strong>antiquitatibus</strong></span> <span class='ocrx_word' id='word_1_149' title='bbox 757 1776 949 1842; x_wconf 86' lang='lat' dir='ltr'><strong>enarrandis</strong></span> <span class='ocrx_word' id='word_1_150' title='bbox 962 1777 1171 1843; x_wconf 87' lang='lat' dir='ltr'><strong>auctoritate.</strong></span> <span class='ocrx_word' id='word_1_151' title='bbox 1196 1775 1419 1846; x_wconf 86' lang='lat' dir='ltr'><strong>Vratislaviae</strong></span> <span class='ocrx_word' id='word_1_152' title='bbox 1433 1768 1544 1856; x_wconf 84' lang='grc'><strong>1875).</strong></span> <span class='ocrx_word' id='word_1_153' title='bbox 1575 1775 1641 1844; x_wconf 85' lang='lat' dir='ltr'><strong>Sed</strong></span> <span class='ocrx_word' id='word_1_154' title='bbox 1658 1798 1731 1843; x_wconf 91' lang='lat' dir='ltr'><strong>cnm</strong></span> <span class='ocrx_word' id='word_1_155' title='bbox 1747 1774 1976 1842; x_wconf 75' lang='grc'><strong>1166161616-</strong></span> 
     </span>
     <span class='ocr_line' id='line_1_17' title="bbox 484 1856 1978 1950; baseline 0.001 -19"><span class='ocrx_word' id='word_1_156' title='bbox 484 1864 582 1945; x_wconf 88' lang='lat' dir='ltr'><strong>teleo,</strong></span> <span class='ocrx_word' id='word_1_157' title='bbox 598 1884 694 1946; x_wconf 91' lang='lat' dir='ltr'><strong>quem</strong></span> <span class='ocrx_word' id='word_1_158' title='bbox 709 1866 824 1948; x_wconf 89' lang='lat' dir='ltr'><strong>„quasi</strong></span> <span class='ocrx_word' id='word_1_159' title='bbox 836 1886 876 1931; x_wconf 85' lang='lat' dir='ltr'><strong>ex</strong></span> <span class='ocrx_word' id='word_1_160' title='bbox 887 1866 958 1949; x_wconf 92' lang='lat' dir='ltr'><strong>ipso</strong></span> <span class='ocrx_word' id='word_1_161' title='bbox 972 1856 1080 1932; x_wconf 87' lang='lat' dir='ltr'><strong>Orco“</strong></span> <span class='ocrx_word' id='word_1_162' title='bbox 1099 1865 1218 1932; x_wconf 88' lang='lat' dir='ltr'><strong>abhinc</strong></span> <span class='ocrx_word' id='word_1_163' title='bbox 1229 1865 1380 1931; x_wconf 89' lang='lat' dir='ltr'><strong>undecim</strong></span> <span class='ocrx_word' id='word_1_164' title='bbox 1393 1885 1496 1931; x_wconf 90' lang='lat' dir='ltr'><strong>annos</strong></span> <span class='ocrx_word' id='word_1_165' title='bbox 1509 1867 1780 1950; x_wconf 79' lang='lat' dir='ltr'><strong>recuperavimus,</strong></span> <span class='ocrx_word' id='word_1_166' title='bbox 1798 1867 1978 1932; x_wconf 90' lang='lat' dir='ltr'><strong>etiamtunc</strong></span> 
     </span>
     <span class='ocr_line' id='line_1_18' title="bbox 487 1954 1980 2040; baseline 0 -20"><span class='ocrx_word' id='word_1_167' title='bbox 487 1958 628 2036; x_wconf 78' lang='lat' dir='ltr'><strong>egerent,</strong></span> <span class='ocrx_word' id='word_1_168' title='bbox 651 1974 720 2019; x_wconf 91' lang='lat' dir='ltr'><strong>ram</strong></span> <span class='ocrx_word' id='word_1_169' title='bbox 737 1954 781 2020; x_wconf 91' lang='lat' dir='ltr'><strong>ad</strong></span> <span class='ocrx_word' id='word_1_170' title='bbox 794 1955 955 2040; x_wconf 91' lang='lat' dir='ltr'><strong>liquidum</strong></span> <span class='ocrx_word' id='word_1_171' title='bbox 978 1955 1157 2039; x_wconf 90' lang='lat' dir='ltr'><strong>perducere</strong></span> <span class='ocrx_word' id='word_1_172' title='bbox 1173 1975 1238 2020; x_wconf 94' lang='lat' dir='ltr'><strong>non</strong></span> <span class='ocrx_word' id='word_1_173' title='bbox 1260 1959 1447 2040; x_wconf 79' lang='lat' dir='ltr'><strong>potuerunt,</strong></span> <span class='ocrx_word' id='word_1_174' title='bbox 1473 1955 1558 2024; x_wconf 85' lang='lat' dir='ltr'><strong>Hoc</strong></span> <span class='ocrx_word' id='word_1_175' title='bbox 1574 1962 1684 2021; x_wconf 88' lang='lat' dir='ltr'><strong>autem</strong></span> <span class='ocrx_word' id='word_1_176' title='bbox 1706 1962 1744 2022; x_wconf 93' lang='lat' dir='ltr'><strong>ut</strong></span> <span class='ocrx_word' id='word_1_177' title='bbox 1767 1956 1980 2022; x_wconf 90' lang='lat' dir='ltr'><strong>observarent</strong></span> 
     </span>
     <span class='ocr_line' id='line_1_19' title="bbox 486 2041 1978 2129; baseline 0 -19"><span class='ocrx_word' id='word_1_178' title='bbox 486 2041 616 2110; x_wconf 85' lang='lat' dir='ltr'><strong>eiciam</strong></span> <span class='ocrx_word' id='word_1_179' title='bbox 632 2043 769 2126; x_wconf 90' lang='lat' dir='ltr'><strong>contigit</strong></span> <span class='ocrx_word' id='word_1_180' title='bbox 783 2044 952 2110; x_wconf 91' lang='lat' dir='ltr'><strong>Pollucem</strong></span> <span class='ocrx_word' id='word_1_181' title='bbox 976 2044 1249 2128; x_wconf 89' lang='lat' dir='ltr'><strong>quemadmodum</strong></span> <span class='ocrx_word' id='word_1_182' title='bbox 1264 2044 1297 2109; x_wconf 94' lang='lat' dir='ltr'><strong>in</strong></span> <span class='ocrx_word' id='word_1_183' title='bbox 1314 2043 1387 2110; x_wconf 91' lang='lat' dir='ltr'><strong>aliis</strong></span> <span class='ocrx_word' id='word_1_184' title='bbox 1411 2045 1518 2127; x_wconf 90' lang='lat' dir='ltr'><strong>operis</strong></span> <span class='ocrx_word' id='word_1_185' title='bbox 1532 2042 1692 2128; x_wconf 86' lang='lat' dir='ltr'><strong>partibus,</strong></span> <span class='ocrx_word' id='word_1_186' title='bbox 1716 2046 1763 2111; x_wconf 93' lang='lat' dir='ltr'><strong>sic</strong></span> <span class='ocrx_word' id='word_1_187' title='bbox 1777 2043 1832 2110; x_wconf 93' lang='lat' dir='ltr'><strong>hic</strong></span> <span class='ocrx_word' id='word_1_188' title='bbox 1847 2064 1978 2129; x_wconf 91' lang='grc'><strong>666666</strong></span> 
     </span>
     <span class='ocr_line' id='line_1_20' title="bbox 485 2132 1978 2217; baseline 0.001 -19"><span class='ocrx_word' id='word_1_189' title='bbox 485 2153 551 2200; x_wconf 91' lang='grc'><strong>666</strong></span> <span class='ocrx_word' id='word_1_190' title='bbox 574 2132 671 2199; x_wconf 93' lang='lat' dir='ltr'><strong>unius</strong></span> <span class='ocrx_word' id='word_1_191' title='bbox 693 2134 831 2216; x_wconf 86' lang='lat' dir='ltr'><strong>vestigia</strong></span> <span class='ocrx_word' id='word_1_192' title='bbox 853 2135 1023 2217; x_wconf 87' lang='lat' dir='ltr'><strong>pressisse,</strong></span> <span class='ocrx_word' id='word_1_193' title='bbox 1048 2134 1105 2200; x_wconf 92' lang='lat' dir='ltr'><strong>sed</strong></span> <span class='ocrx_word' id='word_1_194' title='bbox 1130 2156 1170 2200; x_wconf 89' lang='lat' dir='ltr'><strong>ex</strong></span> <span class='ocrx_word' id='word_1_195' title='bbox 1194 2132 1415 2216; x_wconf 89' lang='lat' dir='ltr'><strong>compluribus</strong></span> <span class='ocrx_word' id='word_1_196' title='bbox 1430 2133 1527 2199; x_wconf 89' lang='lat' dir='ltr'><strong>simul</strong></span> <span class='ocrx_word' id='word_1_197' title='bbox 1549 2133 1694 2201; x_wconf 86' lang='lat' dir='ltr'><strong>lontibus</strong></span> <span class='ocrx_word' id='word_1_198' title='bbox 1711 2155 1772 2200; x_wconf 89' lang='lat' dir='ltr'><strong>sua</strong></span> <span class='ocrx_word' id='word_1_199' title='bbox 1793 2139 1978 2200; x_wconf 89' lang='lat' dir='ltr'><strong>mutuatum</strong></span> 
     </span>
     <span class='ocr_line' id='line_1_21' title="bbox 486 2211 1978 2307; baseline -0.001 -18"><span class='ocrx_word' id='word_1_200' title='bbox 486 2242 558 2289; x_wconf 89' lang='lat' dir='ltr'><strong>esse</strong></span> <span class='ocrx_word' id='word_1_201' title='bbox 581 2211 637 2298; x_wconf 86' lang='lat' dir='ltr'><strong>(ci.</strong></span> <span class='ocrx_word' id='word_1_202' title='bbox 659 2219 808 2288; x_wconf 89' lang='lat' dir='ltr'><strong>Althaus</strong></span> <span class='ocrx_word' id='word_1_203' title='bbox 830 2223 852 2289; x_wconf 90' lang='lat' dir='ltr'><strong>l.</strong></span> <span class='ocrx_word' id='word_1_204' title='bbox 869 2223 891 2288; x_wconf 92' lang='lat' dir='ltr'><strong>l.</strong></span> <span class='ocrx_word' id='word_1_205' title='bbox 907 2244 939 2306; x_wconf 94' lang='grc'><strong>6.</strong></span> <span class='ocrx_word' id='word_1_206' title='bbox 957 2223 999 2290; x_wconf 86' lang='grc'><strong>38</strong></span> <span class='ocrx_word' id='word_1_207' title='bbox 1017 2244 1088 2307; x_wconf 91' lang='lat' dir='ltr'><strong>sqq.</strong></span> <span class='ocrx_word' id='word_1_208' title='bbox 1135 2221 1299 2305; x_wconf 84' lang='lat' dir='ltr'><strong>Stcjentin</strong></span> <span class='ocrx_word' id='word_1_209' title='bbox 1322 2222 1344 2288; x_wconf 95' lang='lat' dir='ltr'><strong>l.</strong></span> <span class='ocrx_word' id='word_1_210' title='bbox 1360 2222 1382 2287; x_wconf 87' lang='lat' dir='ltr'><strong>l.</strong></span> <span class='ocrx_word' id='word_1_211' title='bbox 1407 2244 1439 2306; x_wconf 93' lang='grc'><strong>6.</strong></span> <span class='ocrx_word' id='word_1_212' title='bbox 1464 2223 1507 2290; x_wconf 93' lang='grc'><strong>88</strong></span> <span class='ocrx_word' id='word_1_213' title='bbox 1532 2215 1629 2307; x_wconf 85' lang='lat' dir='ltr'><strong>sqq).</strong></span> <span class='ocrx_word' id='word_1_214' title='bbox 1676 2222 1773 2291; x_wconf 90' lang='lat' dir='ltr'><strong>Nunc</strong></span> <span class='ocrx_word' id='word_1_215' title='bbox 1795 2244 1872 2290; x_wconf 92' lang='grc'><strong>6666</strong></span> <span class='ocrx_word' id='word_1_216' title='bbox 1895 2242 1978 2289; x_wconf 92' lang='grc'><strong>6666</strong></span> 
     </span>
     <span class='ocr_line' id='line_1_22' title="bbox 488 2309 1978 2489; baseline 0.001 -23"><span class='ocrx_word' id='word_1_217' title='bbox 488 2309 1978 2489; x_wconf 54' lang='grc'><strong>1111011161111111111111111·(1.1111111111.1111111.111.1111</strong></span> 
     </span>
    </p>
   </div>
   <div class='ocr_carea' id='block_1_3' title="bbox 489 2491 1984 3208">
    <p class='ocr_par' dir='ltr' id='par_1_3' title="bbox 489 2491 1982 3029">
     <span class='ocr_line' id='line_1_23' title="bbox 491 2491 1980 2581; baseline 0 -19"><span class='ocrx_word' id='word_1_218' title='bbox 491 2496 629 2562; x_wconf 90' lang='lat' dir='ltr'><strong>alterius</strong></span> <span class='ocrx_word' id='word_1_219' title='bbox 666 2495 759 2561; x_wconf 84' lang='lat' dir='ltr'><strong>fonte</strong></span> <span class='ocrx_word' id='word_1_220' title='bbox 794 2502 828 2563; x_wconf 92' lang='lat' dir='ltr'><strong>et</strong></span> <span class='ocrx_word' id='word_1_221' title='bbox 861 2499 1070 2565; x_wconf 90' lang='lat' dir='ltr'><strong>auctoritate.</strong></span> <span class='ocrx_word' id='word_1_222' title='bbox 1119 2497 1372 2580; x_wconf 81' lang='grc' dir='ltr'><strong>Β6666111897</strong></span> <span class='ocrx_word' id='word_1_223' title='bbox 1401 2520 1433 2581; x_wconf 88' lang='grc'><strong>6.</strong></span> <span class='ocrx_word' id='word_1_224' title='bbox 1458 2491 1516 2574; x_wconf 80' lang='grc'><strong>61)</strong></span> <span class='ocrx_word' id='word_1_225' title='bbox 1550 2499 1695 2566; x_wconf 91' lang='lat' dir='ltr'><strong>Pollucis</strong></span> <span class='ocrx_word' id='word_1_226' title='bbox 1730 2498 1913 2565; x_wconf 89' lang='lat' dir='ltr'><strong>doctrinam</strong></span> <span class='ocrx_word' id='word_1_227' title='bbox 1936 2495 1980 2562; x_wconf 87' lang='grc'><strong>61</strong></span> 
     </span>
     <span class='ocr_line' id='line_1_24' title="bbox 490 2580 1980 2672; baseline 0 -20"><span class='ocrx_word' id='word_1_228' title='bbox 490 2584 711 2652; x_wconf 90' lang='lat' dir='ltr'><strong>Aristotelem</strong></span> <span class='ocrx_word' id='word_1_229' title='bbox 727 2592 761 2651; x_wconf 90' lang='lat' dir='ltr'><strong>et</strong></span> <span class='ocrx_word' id='word_1_230' title='bbox 775 2584 1063 2670; x_wconf 91' lang='lat' dir='ltr'><strong>Atthidographos</strong></span> <span class='ocrx_word' id='word_1_231' title='bbox 1087 2593 1120 2653; x_wconf 93' lang='lat' dir='ltr'><strong>et</strong></span> <span class='ocrx_word' id='word_1_232' title='bbox 1142 2587 1269 2653; x_wconf 82' lang='lat' dir='ltr'><strong>lexicon</strong></span> <span class='ocrx_word' id='word_1_233' title='bbox 1292 2586 1459 2669; x_wconf 87' lang='lat' dir='ltr'><strong>quoddam</strong></span> <span class='ocrx_word' id='word_1_234' title='bbox 1475 2580 1702 2668; x_wconf 82' lang='lat' dir='ltr'><strong>rhetoricum&#39;)</strong></span> <span class='ocrx_word' id='word_1_235' title='bbox 1725 2587 1842 2669; x_wconf 88' lang='lat' dir='ltr'><strong>redire,</strong></span> <span class='ocrx_word' id='word_1_236' title='bbox 1867 2606 1980 2672; x_wconf 88' lang='lat' dir='ltr'><strong>quam·</strong></span> 
     </span>
     <span class='ocr_line' id='line_1_25' title="bbox 493 2668 1980 2762; baseline 0 -22"><span class='ocrx_word' id='word_1_237' title='bbox 493 2695 594 2758; x_wconf 90' lang='lat' dir='ltr'><strong>quam</strong></span> <span class='ocrx_word' id='word_1_238' title='bbox 615 2674 714 2741; x_wconf 81' lang='lat' dir='ltr'><strong>facile</strong></span> <span class='ocrx_word' id='word_1_239' title='bbox 737 2676 941 2760; x_wconf 88' lang='lat' dir='ltr'><strong>intellegitur</strong></span> <span class='ocrx_word' id='word_1_240' title='bbox 962 2677 1038 2742; x_wconf 92' lang='lat' dir='ltr'><strong>inde</strong></span> <span class='ocrx_word' id='word_1_241' title='bbox 1061 2697 1081 2743; x_wconf 96' lang='lat' dir='ltr'><strong>a</strong></span> <span class='ocrx_word' id='word_1_242' title='bbox 1105 2668 1125 2757; x_wconf 65' lang='grc' dir='ltr'>ξ</span> <span class='ocrx_word' id='word_1_243' title='bbox 1149 2676 1318 2758; x_wconf 73' lang='lat' dir='ltr'><strong>libusque</strong></span> <span class='ocrx_word' id='word_1_244' title='bbox 1353 2675 1396 2741; x_wconf 90' lang='grc'><strong>61</strong></span> <span class='ocrx_word' id='word_1_245' title='bbox 1419 2668 1439 2756; x_wconf 65' lang='grc' dir='ltr'><strong>ἓ</strong></span> <span class='ocrx_word' id='word_1_246' title='bbox 1465 2677 1528 2744; x_wconf 80' lang='lat'><strong>102</strong></span> <span class='ocrx_word' id='word_1_247' title='bbox 1550 2677 1780 2762; x_wconf 90' lang='lat' dir='ltr'><strong>philosophum</strong></span> <span class='ocrx_word' id='word_1_248' title='bbox 1808 2677 1838 2742; x_wconf 89' lang='grc'><strong>61</strong></span> <span class='ocrx_word' id='word_1_249' title='bbox 1865 2675 1980 2742; x_wconf 92' lang='lat' dir='ltr'><strong>ducem</strong></span> 
     </span>
     <span class='ocr_line' id='line_1_26' title="bbox 489 2763 1982 2850; baseline -0.001 -20"><span class='ocrx_word' id='word_1_250' title='bbox 489 2764 592 2830; x_wconf 88' lang='grc'><strong>161666</strong></span> <span class='ocrx_word' id='word_1_251' title='bbox 615 2769 651 2830; x_wconf 89' lang='grc'><strong>61</strong></span> <span class='ocrx_word' id='word_1_252' title='bbox 673 2765 835 2831; x_wconf 91' lang='lat' dir='ltr'><strong>comitem.</strong></span> <span class='ocrx_word' id='word_1_253' title='bbox 882 2764 949 2833; x_wconf 83' lang='lat' dir='ltr'><strong>Sed</strong></span> <span class='ocrx_word' id='word_1_254' title='bbox 972 2766 1034 2832; x_wconf 90' lang='lat' dir='ltr'><strong>bac</strong></span> <span class='ocrx_word' id='word_1_255' title='bbox 1058 2765 1099 2832; x_wconf 91' lang='grc'><strong>16</strong></span> <span class='ocrx_word' id='word_1_256' title='bbox 1121 2764 1238 2832; x_wconf 90' lang='grc'><strong>6616616</strong></span> <span class='ocrx_word' id='word_1_257' title='bbox 1255 2764 1401 2831; x_wconf 93' lang='lat' dir='ltr'><strong>Pollucis</strong></span> <span class='ocrx_word' id='word_1_258' title='bbox 1423 2765 1568 2832; x_wconf 84' lang='lat' dir='ltr'><strong>lontibus</strong></span> <span class='ocrx_word' id='word_1_259' title='bbox 1592 2768 1784 2850; x_wconf 87' lang='lat' dir='ltr'><strong>quaestions</strong></span> <span class='ocrx_word' id='word_1_260' title='bbox 1805 2769 1934 2832; x_wconf 91' lang='lat' dir='ltr'><strong>remota</strong></span> <span class='ocrx_word' id='word_1_261' title='bbox 1948 2763 1982 2830; x_wconf 91' lang='lat' dir='ltr'><strong>in</strong></span> 
     </span>
     <span class='ocr_line' id='line_1_27' title="bbox 491 2852 1981 2939; baseline 0 -18"><span class='ocrx_word' id='word_1_262' title='bbox 491 2874 547 2921; x_wconf 91' lang='lat' dir='ltr'><strong>eos</strong></span> <span class='ocrx_word' id='word_1_263' title='bbox 571 2858 701 2920; x_wconf 89' lang='lat' dir='ltr'><strong>tantum</strong></span> <span class='ocrx_word' id='word_1_264' title='bbox 722 2854 814 2921; x_wconf 91' lang='lat' dir='ltr'><strong>locos</strong></span> <span class='ocrx_word' id='word_1_265' title='bbox 837 2860 876 2920; x_wconf 92' lang='lat' dir='ltr'><strong>ut</strong></span> <span class='ocrx_word' id='word_1_266' title='bbox 897 2856 1095 2939; x_wconf 89' lang='lat' dir='ltr'><strong>inquirerem</strong></span> <span class='ocrx_word' id='word_1_267' title='bbox 1118 2855 1198 2921; x_wconf 94' lang='lat' dir='ltr'><strong>mihi</strong></span> <span class='ocrx_word' id='word_1_268' title='bbox 1218 2856 1385 2938; x_wconf 91' lang='lat' dir='ltr'><strong>proposui,</strong></span> <span class='ocrx_word' id='word_1_269' title='bbox 1410 2855 1467 2939; x_wconf 93' lang='lat' dir='ltr'><strong>qui</strong></span> <span class='ocrx_word' id='word_1_270' title='bbox 1490 2857 1567 2939; x_wconf 92' lang='lat' dir='ltr'><strong>quin</strong></span> <span class='ocrx_word' id='word_1_271' title='bbox 1591 2857 1633 2922; x_wconf 90' lang='lat' dir='ltr'><strong>ad</strong></span> <span class='ocrx_word' id='word_1_272' title='bbox 1649 2855 1842 2923; x_wconf 88' lang='lat' dir='ltr'><strong>Aristotelis</strong></span> <span class='ocrx_word' id='word_1_273' title='bbox 1865 2852 1981 2921; x_wconf 85' lang='lat' dir='ltr'><strong>deRc-</strong></span> 
     </span>
     <span class='ocr_line' id='line_1_28' title="bbox 492 2940 1981 3029; baseline -0.001 -19"><span class='ocrx_word' id='word_1_274' title='bbox 492 2941 625 3028; x_wconf 88' lang='lat' dir='ltr'><strong>publica</strong></span> <span class='ocrx_word' id='word_1_275' title='bbox 648 2940 900 3011; x_wconf 91' lang='lat' dir='ltr'><strong>Atheniensium</strong></span> <span class='ocrx_word' id='word_1_276' title='bbox 935 2944 1012 3011; x_wconf 91' lang='lat' dir='ltr'><strong>libri</strong></span> <span class='ocrx_word' id='word_1_277' title='bbox 1045 2950 1174 3028; x_wconf 89' lang='lat' dir='ltr'><strong>partem</strong></span> <span class='ocrx_word' id='word_1_278' title='bbox 1209 2943 1348 3010; x_wconf 89' lang='lat' dir='ltr'><strong>aiteram</strong></span> <span class='ocrx_word' id='word_1_279' title='bbox 1370 2943 1532 3011; x_wconf 86' lang='lat' dir='ltr'><strong>referendi</strong></span> <span class='ocrx_word' id='word_1_280' title='bbox 1565 2946 1640 3029; x_wconf 89' lang='lat' dir='ltr'><strong>sint,</strong></span> <span class='ocrx_word' id='word_1_281' title='bbox 1676 2944 1821 3013; x_wconf 90' lang='lat' dir='ltr'><strong>dubitari</strong></span> <span class='ocrx_word' id='word_1_282' title='bbox 1856 2941 1981 3028; x_wconf 87' lang='lat' dir='ltr'><strong>nequit</strong></span> 
     </span>
    </p>

    <p class='ocr_par' dir='ltr' id='par_1_4' title="bbox 595 3028 1562 3119">
     <span class='ocr_line' id='line_1_29' title="bbox 595 3028 1562 3119; baseline 0.003 -21"><span class='ocrx_word' id='word_1_283' title='bbox 595 3028 660 3119; x_wconf 87' lang='lat' dir='ltr'><strong>His</strong></span> <span class='ocrx_word' id='word_1_284' title='bbox 683 3034 870 3116; x_wconf 89' lang='lat' dir='ltr'><strong>praemissis</strong></span> <span class='ocrx_word' id='word_1_285' title='bbox 893 3034 1006 3100; x_wconf 89' lang='lat' dir='ltr'><strong>statim</strong></span> <span class='ocrx_word' id='word_1_286' title='bbox 1029 3033 1063 3099; x_wconf 92' lang='lat' dir='ltr'><strong>iu</strong></span> <span class='ocrx_word' id='word_1_287' title='bbox 1085 3034 1211 3100; x_wconf 90' lang='lat' dir='ltr'><strong>medias</strong></span> <span class='ocrx_word' id='word_1_288' title='bbox 1233 3053 1286 3098; x_wconf 91' lang='lat' dir='ltr'><strong>res</strong></span> <span class='ocrx_word' id='word_1_289' title='bbox 1308 3032 1562 3117; x_wconf 87' lang='lat' dir='ltr'><strong>proficiscamur.</strong></span> 
     </span>
    </p>

    <p class='ocr_par' dir='ltr' id='par_1_5' title="bbox 596 3120 1984 3208">
     <span class='ocr_line' id='line_1_30' title="bbox 596 3120 1984 3208; baseline -0.001 -21"><span class='ocrx_word' id='word_1_290' title='bbox 596 3120 798 3189; x_wconf 85' lang='lat' dir='ltr'><strong>Aristoteles</strong></span> <span class='ocrx_word' id='word_1_291' title='bbox 812 3144 882 3190; x_wconf 90' lang='lat' dir='ltr'><strong>rem</strong></span> <span class='ocrx_word' id='word_1_292' title='bbox 898 3122 1064 3207; x_wconf 90' lang='lat' dir='ltr'><strong>publicam</strong></span> <span class='ocrx_word' id='word_1_293' title='bbox 1079 3122 1333 3190; x_wconf 89' lang='lat' dir='ltr'><strong>Atheniensium</strong></span> <span class='ocrx_word' id='word_1_294' title='bbox 1349 3122 1572 3208; x_wconf 89' lang='lat' dir='ltr'><strong>descripturus</strong></span> <span class='ocrx_word' id='word_1_295' title='bbox 1588 3125 1759 3190; x_wconf 91' lang='lat' dir='ltr'><strong>materiam</strong></span> <span class='ocrx_word' id='word_1_296' title='bbox 1777 3123 1858 3190; x_wconf 90' lang='grc'><strong>66116</strong></span> <span class='ocrx_word' id='word_1_297' title='bbox 1874 3121 1984 3188; x_wconf 83' lang='grc'><strong>1161611</strong></span> 
     </span>
    </p>
   </div>
   <div class='ocr_carea' id='block_1_4' title="bbox 488 3205 1983 3389">
    <p class='ocr_par' dir='ltr' id='par_1_6' title="bbox 488 3205 1983 3389">
     <span class='ocr_line' id='line_1_31' title="bbox 488 3205 1983 3298; baseline 0 -21"><span class='ocrx_word' id='word_1_298' title='bbox 488 3211 523 3277; x_wconf 92' lang='grc'><strong>16</strong></span> <span class='ocrx_word' id='word_1_299' title='bbox 547 3205 630 3277; x_wconf 87' lang='lat' dir='ltr'><strong>duas</strong></span> <span class='ocrx_word' id='word_1_300' title='bbox 652 3217 775 3298; x_wconf 88' lang='lat' dir='ltr'><strong>partes,</strong></span> <span class='ocrx_word' id='word_1_301' title='bbox 800 3233 946 3296; x_wconf 65' lang='lat' dir='ltr'><strong>quarum,</strong></span> <span class='ocrx_word' id='word_1_302' title='bbox 962 3212 1068 3278; x_wconf 87' lang='lat' dir='ltr'><strong>altera</strong></span> <span class='ocrx_word' id='word_1_303' title='bbox 1091 3212 1291 3296; x_wconf 90' lang='lat' dir='ltr'><strong>reipublicae</strong></span> <span class='ocrx_word' id='word_1_304' title='bbox 1314 3212 1453 3278; x_wconf 90' lang='grc'><strong>11616616</strong></span> <span class='ocrx_word' id='word_1_305' title='bbox 1491 3213 1598 3279; x_wconf 87' lang='grc'><strong>611666</strong></span> <span class='ocrx_word' id='word_1_306' title='bbox 1620 3213 1727 3297; x_wconf 91' lang='lat' dir='ltr'><strong>qualis</strong></span> <span class='ocrx_word' id='word_1_307' title='bbox 1749 3212 1851 3297; x_wconf 89' lang='lat' dir='ltr'><strong>ipsius</strong></span> <span class='ocrx_word' id='word_1_308' title='bbox 1873 3215 1983 3277; x_wconf 90' lang='lat' dir='ltr'><strong>aetate</strong></span> 
     </span>
     <span class='ocr_line' id='line_1_32' title="bbox 490 3263 1983 3389; baseline 0 -23"><span class='ocrx_word' id='word_1_309' title='bbox 490 3301 541 3367; x_wconf 92' lang='lat' dir='ltr'><strong>vel</strong></span> <span class='ocrx_word' id='word_1_310' title='bbox 556 3301 666 3384; x_wconf 89' lang='lat' dir='ltr'><strong>potius</strong></span> <span class='ocrx_word' id='word_1_311' title='bbox 689 3301 765 3367; x_wconf 90' lang='lat' dir='ltr'><strong>inde</strong></span> <span class='ocrx_word' id='word_1_312' title='bbox 789 3302 831 3368; x_wconf 91' lang='lat' dir='ltr'><strong>ab</strong></span> <span class='ocrx_word' id='word_1_313' title='bbox 855 3276 1023 3389; x_wconf 59' lang='lat' dir='ltr'><strong>anno³fi29</strong></span> <span class='ocrx_word' id='word_1_314' title='bbox 1046 3323 1150 3385; x_wconf 89' lang='lat' dir='ltr'><strong>usque</strong></span> <span class='ocrx_word' id='word_1_315' title='bbox 1173 3303 1217 3368; x_wconf 90' lang='lat' dir='ltr'><strong>ad</strong></span> <span class='ocrx_word' id='word_1_316' title='bbox 1240 3263 1478 3385; x_wconf 58' lang='lat' dir='ltr'><strong>annum⁷fl2bb</strong></span> <span class='ocrx_word' id='word_1_317' title='bbox 1505 3302 1605 3368; x_wconf 90' lang='grc'><strong>166611</strong></span> <span class='ocrx_word' id='word_1_318' title='bbox 1627 3303 1861 3369; x_wconf 90' lang='grc'><strong>6666111611666</strong></span> <span class='ocrx_word' id='word_1_319' title='bbox 1881 3300 1983 3367; x_wconf 91' lang='lat' dir='ltr'><strong>conti·</strong></span> 
     </span>
    </p>
   </div>
   <div class='ocr_carea' id='block_1_5' title="bbox 490 3389 1986 3920">
    <p class='ocr_par' dir='ltr' id='par_1_7' title="bbox 490 3389 1986 3920">
     <span class='ocr_line' id='line_1_33' title="bbox 490 3389 1982 3476; baseline -0.001 -21"><span class='ocrx_word' id='word_1_320' title='bbox 490 3396 595 3457; x_wconf 90' lang='lat' dir='ltr'><strong>netur.</strong></span> <span class='ocrx_word' id='word_1_321' title='bbox 655 3389 819 3456; x_wconf 89' lang='lat' dir='ltr'><strong>Nimirum</strong></span> <span class='ocrx_word' id='word_1_322' title='bbox 857 3392 1020 3475; x_wconf 88' lang='lat' dir='ltr'><strong>posterior</strong></span> <span class='ocrx_word' id='word_1_323' title='bbox 1057 3413 1134 3474; x_wconf 91' lang='lat' dir='ltr'><strong>pars</strong></span> <span class='ocrx_word' id='word_1_324' title='bbox 1179 3389 1284 3457; x_wconf 91' lang='lat' dir='ltr'><strong>libelli</strong></span> <span class='ocrx_word' id='word_1_325' title='bbox 1328 3390 1495 3458; x_wconf 89' lang='lat' dir='ltr'><strong>uberrima</strong></span> <span class='ocrx_word' id='word_1_326' title='bbox 1532 3392 1683 3459; x_wconf 86' lang='lat' dir='ltr'><strong>doctriua</strong></span> <span class='ocrx_word' id='word_1_327' title='bbox 1719 3391 1847 3476; x_wconf 90' lang='lat' dir='ltr'><strong>repieta</strong></span> <span class='ocrx_word' id='word_1_328' title='bbox 1883 3395 1982 3472; x_wconf 89' lang='lat' dir='ltr'><strong>atque</strong></span> 
     </span>
     <span class='ocr_line' id='line_1_34' title="bbox 492 3479 1984 3565; baseline -0.001 -21"><span class='ocrx_word' id='word_1_329' title='bbox 492 3479 656 3546; x_wconf 89' lang='lat' dir='ltr'><strong>excellens</strong></span> <span class='ocrx_word' id='word_1_330' title='bbox 702 3479 850 3562; x_wconf 84' lang='lat' dir='ltr'><strong>diligenti</strong></span> <span class='ocrx_word' id='word_1_331' title='bbox 901 3502 1013 3547; x_wconf 89' lang='lat' dir='ltr'><strong>eorum</strong></span> <span class='ocrx_word' id='word_1_332' title='bbox 1058 3479 1289 3564; x_wconf 87' lang='lat' dir='ltr'><strong>explicatione,</strong></span> <span class='ocrx_word' id='word_1_333' title='bbox 1330 3501 1414 3563; x_wconf 91' lang='lat' dir='ltr'><strong>quaa</strong></span> <span class='ocrx_word' id='word_1_334' title='bbox 1455 3482 1526 3565; x_wconf 88' lang='lat' dir='ltr'><strong>ipse</strong></span> <span class='ocrx_word' id='word_1_335' title='bbox 1569 3483 1711 3565; x_wconf 87' lang='lat' dir='ltr'><strong>scriptor</strong></span> <span class='ocrx_word' id='word_1_336' title='bbox 1754 3480 1984 3547; x_wconf 83' lang='lat' dir='ltr'><strong>observaverat</strong></span> 
     </span>
     <span class='ocr_line' id='line_1_35' title="bbox 491 3565 1984 3653; baseline -0.001 -20"><span class='ocrx_word' id='word_1_337' title='bbox 491 3573 549 3634; x_wconf 90' lang='lat' dir='ltr'><strong>aut</strong></span> <span class='ocrx_word' id='word_1_338' title='bbox 585 3588 628 3635; x_wconf 86' lang='grc'><strong>66</strong></span> <span class='ocrx_word' id='word_1_339' title='bbox 662 3569 794 3653; x_wconf 90' lang='lat' dir='ltr'><strong>optimis</strong></span> <span class='ocrx_word' id='word_1_340' title='bbox 831 3569 975 3637; x_wconf 85' lang='lat' dir='ltr'><strong>fontibus</strong></span> <span class='ocrx_word' id='word_1_341' title='bbox 1010 3569 1177 3649; x_wconf 87' lang='lat' dir='ltr'><strong>hauserat,</strong></span> <span class='ocrx_word' id='word_1_342' title='bbox 1216 3568 1345 3634; x_wconf 93' lang='lat' dir='ltr'><strong>Polluci</strong></span> <span class='ocrx_word' id='word_1_343' title='bbox 1385 3589 1457 3635; x_wconf 91' lang='lat' dir='ltr'><strong>cum</strong></span> <span class='ocrx_word' id='word_1_344' title='bbox 1497 3570 1537 3637; x_wconf 92' lang='lat' dir='ltr'><strong>de</strong></span> <span class='ocrx_word' id='word_1_345' title='bbox 1576 3569 1821 3653; x_wconf 88' lang='lat' dir='ltr'><strong>magistratibus</strong></span> <span class='ocrx_word' id='word_1_346' title='bbox 1860 3565 1984 3635; x_wconf 86' lang='lat' dir='ltr'><strong>Atticis</strong></span> 
     </span>
     <span class='ocr_line' id='line_1_36' title="bbox 490 3655 1985 3743; baseline -0.001 -20"><span class='ocrx_word' id='word_1_347' title='bbox 490 3657 699 3741; x_wconf 90' lang='lat' dir='ltr'><strong>expositurus</strong></span> <span class='ocrx_word' id='word_1_348' title='bbox 733 3662 822 3724; x_wconf 91' lang='lat' dir='ltr'><strong>esset</strong></span> <span class='ocrx_word' id='word_1_349' title='bbox 851 3665 987 3743; x_wconf 89' lang='lat' dir='ltr'><strong>paratas</strong></span> <span class='ocrx_word' id='word_1_350' title='bbox 1017 3657 1171 3743; x_wconf 91' lang='lat' dir='ltr'><strong>praebuit</strong></span> <span class='ocrx_word' id='word_1_351' title='bbox 1205 3657 1327 3741; x_wconf 90' lang='lat' dir='ltr'><strong>copias,</strong></span> <span class='ocrx_word' id='word_1_352' title='bbox 1357 3678 1439 3741; x_wconf 90' lang='lat' dir='ltr'><strong>quas</strong></span> <span class='ocrx_word' id='word_1_353' title='bbox 1472 3659 1524 3725; x_wconf 91' lang='lat' dir='ltr'><strong>vel</strong></span> <span class='ocrx_word' id='word_1_354' title='bbox 1552 3660 1697 3742; x_wconf 88' lang='lat' dir='ltr'><strong>integras</strong></span> <span class='ocrx_word' id='word_1_355' title='bbox 1731 3658 1781 3726; x_wconf 91' lang='lat' dir='ltr'><strong>vel</strong></span> <span class='ocrx_word' id='word_1_356' title='bbox 1815 3655 1985 3740; x_wconf 91' lang='lat' dir='ltr'><strong>paululum</strong></span> 
     </span>
     <span class='ocr_line' id='line_1_37' title="bbox 491 3745 1986 3832; baseline -0.001 -20"><span class='ocrx_word' id='word_1_357' title='bbox 491 3750 637 3814; x_wconf 88' lang='lat' dir='ltr'><strong>mutatas</strong></span> <span class='ocrx_word' id='word_1_358' title='bbox 675 3745 728 3814; x_wconf 92' lang='lat' dir='ltr'><strong>vel</strong></span> <span class='ocrx_word' id='word_1_359' title='bbox 767 3746 956 3814; x_wconf 89' lang='grc'><strong>1666616166</strong></span> <span class='ocrx_word' id='word_1_360' title='bbox 997 3747 1058 3827; x_wconf 84' lang='grc'><strong>661,</strong></span> <span class='ocrx_word' id='word_1_361' title='bbox 1091 3747 1180 3832; x_wconf 93' lang='grc'><strong>6661</strong></span> <span class='ocrx_word' id='word_1_362' title='bbox 1217 3746 1324 3812; x_wconf 87' lang='grc'><strong>666166</strong></span> <span class='ocrx_word' id='word_1_363' title='bbox 1358 3746 1488 3829; x_wconf 89' lang='lat' dir='ltr'><strong>accidit,</strong></span> <span class='ocrx_word' id='word_1_364' title='bbox 1528 3747 1761 3815; x_wconf 81' lang='lat' dir='ltr'><strong>additamentis</strong></span> <span class='ocrx_word' id='word_1_365' title='bbox 1798 3751 1915 3814; x_wconf 89' lang='lat' dir='ltr'><strong>auctas</strong></span> <span class='ocrx_word' id='word_1_366' title='bbox 1951 3745 1986 3812; x_wconf 90' lang='lat' dir='ltr'><strong>in</strong></span> 
     </span>
     <span class='ocr_line' id='line_1_38' title="bbox 494 3830 1986 3920; baseline 0 -19"><span class='ocrx_word' id='word_1_367' title='bbox 494 3854 575 3920; x_wconf 86' lang='lat' dir='ltr'><strong>opus</strong></span> <span class='ocrx_word' id='word_1_368' title='bbox 608 3855 705 3902; x_wconf 93' lang='lat' dir='ltr'><strong>suum</strong></span> <span class='ocrx_word' id='word_1_369' title='bbox 736 3834 930 3904; x_wconf 87' lang='lat' dir='ltr'><strong>includeret.</strong></span> <span class='ocrx_word' id='word_1_370' title='bbox 938 3830 964 3914; x_wconf 72' lang='lat'><strong>⁶)</strong></span> <span class='ocrx_word' id='word_1_371' title='bbox 1017 3831 1192 3919; x_wconf 80' lang='lat' dir='ltr'><strong>Quomodo</strong></span> <span class='ocrx_word' id='word_1_372' title='bbox 1232 3837 1342 3901; x_wconf 88' lang='lat' dir='ltr'><strong>autem</strong></span> <span class='ocrx_word' id='word_1_373' title='bbox 1380 3832 1580 3904; x_wconf 84' lang='lat' dir='ltr'><strong>Aristoteles</strong></span> <span class='ocrx_word' id='word_1_374' title='bbox 1615 3841 1843 3920; x_wconf 75' lang='lat' dir='ltr'><strong>argumentum</strong></span> <span class='ocrx_word' id='word_1_375' title='bbox 1878 3834 1986 3901; x_wconf 91' lang='lat' dir='ltr'><strong>distri·</strong></span> 
     </span>
    </p>
   </div>
   <div class='ocr_carea' id='block_1_6' title="bbox 496 4075 1988 4584">
    <p class='ocr_par' dir='ltr' id='par_1_8' title="bbox 496 4075 1988 4584">
     <span class='ocr_line' id='line_1_39' title="bbox 595 4075 1987 4151; baseline -0.001 -17"><span class='ocrx_word' id='word_1_376' title='bbox 595 4075 616 4145; x_wconf 66' lang='grc'><strong>1)</strong></span> <span class='ocrx_word' id='word_1_377' title='bbox 635 4078 729 4148; x_wconf 85' lang='lat' dir='ltr'><strong>Bursy</strong></span> <span class='ocrx_word' id='word_1_378' title='bbox 746 4078 765 4134; x_wconf 92' lang='grc'><strong>1.</strong></span> <span class='ocrx_word' id='word_1_379' title='bbox 784 4079 803 4137; x_wconf 91' lang='lat' dir='ltr'><strong>l.</strong></span> <span class='ocrx_word' id='word_1_380' title='bbox 843 4080 923 4137; x_wconf 80' lang='lat'><strong>,106</strong></span> <span class='ocrx_word' id='word_1_381' title='bbox 941 4079 1032 4149; x_wconf 85' lang='lat' dir='ltr'><strong>qualia</strong></span> <span class='ocrx_word' id='word_1_382' title='bbox 1048 4083 1152 4134; x_wconf 88' lang='lat' dir='ltr'><strong>natura</strong></span> <span class='ocrx_word' id='word_1_383' title='bbox 1170 4078 1251 4134; x_wconf 85' lang='lat' dir='ltr'><strong>huius</strong></span> <span class='ocrx_word' id='word_1_384' title='bbox 1279 4079 1361 4134; x_wconf 88' lang='lat' dir='ltr'><strong>lexici</strong></span> <span class='ocrx_word' id='word_1_385' title='bbox 1382 4079 1521 4151; x_wconf 86' lang='lat' dir='ltr'><strong>deperditi</strong></span> <span class='ocrx_word' id='word_1_386' title='bbox 1548 4078 1633 4136; x_wconf 83' lang='lat' dir='ltr'><strong>fnisse</strong></span> <span class='ocrx_word' id='word_1_387' title='bbox 1661 4080 1799 4149; x_wconf 86' lang='lat' dir='ltr'><strong>videatur,</strong></span> <span class='ocrx_word' id='word_1_388' title='bbox 1822 4079 1865 4134; x_wconf 89' lang='lat' dir='ltr'><strong>his</strong></span> <span class='ocrx_word' id='word_1_389' title='bbox 1892 4077 1987 4133; x_wconf 87' lang='lat' dir='ltr'><strong>verbis</strong></span> 
     </span>
     <span class='ocr_line' id='line_1_40' title="bbox 497 4096 1987 4223; baseline -0.001 -17"><span class='ocrx_word' id='word_1_390' title='bbox 497 4149 638 4219; x_wconf 77' lang='grc'><strong>666116611</strong></span> <span class='ocrx_word' id='word_1_391' title='bbox 653 4150 797 4219; x_wconf 88' lang='lat' dir='ltr'><strong>„Uterque</strong></span> <span class='ocrx_word' id='word_1_392' title='bbox 817 4096 865 4215; x_wconf 67' lang='lat' dir='ltr'><strong>dio.</strong></span> <span class='ocrx_word' id='word_1_393' title='bbox 884 4151 1089 4221; x_wconf 84' lang='lat' dir='ltr'><strong>Harpocration</strong></span> <span class='ocrx_word' id='word_1_394' title='bbox 1101 4155 1132 4207; x_wconf 90' lang='grc'><strong>61</strong></span> <span class='ocrx_word' id='word_1_395' title='bbox 1142 4151 1251 4220; x_wconf 82' lang='lat' dir='ltr'><strong>Pollux)</strong></span> <span class='ocrx_word' id='word_1_396' title='bbox 1263 4155 1377 4220; x_wconf 86' lang='grc'><strong>6666166</strong></span> <span class='ocrx_word' id='word_1_397' title='bbox 1388 4152 1569 4208; x_wconf 81' lang='lat' dir='ltr'><strong>Aristotelem</strong></span> <span class='ocrx_word' id='word_1_398' title='bbox 1581 4153 1610 4207; x_wconf 93' lang='lat' dir='ltr'><strong>in</strong></span> <span class='ocrx_word' id='word_1_399' title='bbox 1622 4153 1718 4223; x_wconf 82' lang='lat' dir='ltr'><strong>primis</strong></span> <span class='ocrx_word' id='word_1_400' title='bbox 1728 4153 1836 4209; x_wconf 85' lang='lat' dir='ltr'><strong>lexicon</strong></span> <span class='ocrx_word' id='word_1_401' title='bbox 1848 4151 1987 4220; x_wconf 91' lang='lat' dir='ltr'><strong>quoddam</strong></span> 
     </span>
     <span class='ocr_line' id='line_1_41' title="bbox 497 4221 1987 4294; baseline 0 -17"><span class='ocrx_word' id='word_1_402' title='bbox 497 4221 666 4277; x_wconf 90' lang='lat' dir='ltr'><strong>rhetoricum</strong></span> <span class='ocrx_word' id='word_1_403' title='bbox 686 4223 713 4276; x_wconf 89' lang='lat' dir='ltr'><strong>in</strong></span> <span class='ocrx_word' id='word_1_404' title='bbox 733 4223 861 4279; x_wconf 88' lang='lat' dir='ltr'><strong>manibus</strong></span> <span class='ocrx_word' id='word_1_405' title='bbox 879 4222 1010 4292; x_wconf 87' lang='lat' dir='ltr'><strong>habebat,</strong></span> <span class='ocrx_word' id='word_1_406' title='bbox 1030 4223 1109 4278; x_wconf 86' lang='lat' dir='ltr'><strong>cuius</strong></span> <span class='ocrx_word' id='word_1_407' title='bbox 1131 4227 1229 4278; x_wconf 80' lang='lat' dir='ltr'><strong>auctor</strong></span> <span class='ocrx_word' id='word_1_408' title='bbox 1245 4223 1339 4279; x_wconf 90' lang='lat' dir='ltr'><strong>nescio</strong></span> <span class='ocrx_word' id='word_1_409' title='bbox 1367 4225 1414 4293; x_wconf 93' lang='lat' dir='ltr'><strong>qui</strong></span> <span class='ocrx_word' id='word_1_410' title='bbox 1445 4229 1475 4279; x_wconf 89' lang='lat' dir='ltr'><strong>et</strong></span> <span class='ocrx_word' id='word_1_411' title='bbox 1502 4224 1561 4294; x_wconf 90' lang='lat' dir='ltr'><strong>ipse</strong></span> <span class='ocrx_word' id='word_1_412' title='bbox 1580 4225 1743 4282; x_wconf 84' lang='lat' dir='ltr'><strong>Aristotelia</strong></span> <span class='ocrx_word' id='word_1_413' title='bbox 1770 4222 1931 4292; x_wconf 89' lang='lat' dir='ltr'><strong>opusculum</strong></span> <span class='ocrx_word' id='word_1_414' title='bbox 1957 4223 1987 4278; x_wconf 92' lang='lat' dir='ltr'><strong>iu</strong></span> 
     </span>
     <span class='ocr_line' id='line_1_42' title="bbox 496 4294 1987 4367; baseline 0 -17"><span class='ocrx_word' id='word_1_415' title='bbox 496 4309 576 4350; x_wconf 87' lang='lat' dir='ltr'><strong>usum</strong></span> <span class='ocrx_word' id='word_1_416' title='bbox 606 4309 685 4349; x_wconf 90' lang='lat' dir='ltr'><strong>auum</strong></span> <span class='ocrx_word' id='word_1_417' title='bbox 712 4297 859 4363; x_wconf 81' lang='lat' dir='ltr'><strong>convertit,</strong></span> <span class='ocrx_word' id='word_1_418' title='bbox 887 4297 929 4351; x_wconf 87' lang='lat' dir='ltr'><strong>ita</strong></span> <span class='ocrx_word' id='word_1_419' title='bbox 957 4300 988 4350; x_wconf 87' lang='lat' dir='ltr'><strong>ut</strong></span> <span class='ocrx_word' id='word_1_420' title='bbox 1006 4311 1022 4351; x_wconf 89' lang='grc'><strong>6</strong></span> <span class='ocrx_word' id='word_1_421' title='bbox 1040 4295 1157 4364; x_wconf 84' lang='lat' dir='ltr'><strong>siugulis</strong></span> <span class='ocrx_word' id='word_1_422' title='bbox 1174 4294 1314 4364; x_wconf 83' lang='lat' dir='ltr'><strong>capitibus</strong></span> <span class='ocrx_word' id='word_1_423' title='bbox 1342 4295 1465 4366; x_wconf 88' lang='lat' dir='ltr'><strong>singulas</strong></span> <span class='ocrx_word' id='word_1_424' title='bbox 1484 4297 1594 4367; x_wconf 85' lang='lat' dir='ltr'><strong>glossas</strong></span> <span class='ocrx_word' id='word_1_425' title='bbox 1615 4297 1728 4354; x_wconf 85' lang='lat' dir='ltr'><strong>faceret.</strong></span> <span class='ocrx_word' id='word_1_426' title='bbox 1766 4295 1822 4352; x_wconf 88' lang='grc'><strong>861</strong></span> <span class='ocrx_word' id='word_1_427' title='bbox 1840 4295 1893 4351; x_wconf 91' lang='grc'><strong>166</strong></span> <span class='ocrx_word' id='word_1_428' title='bbox 1911 4294 1987 4350; x_wconf 88' lang='grc'><strong>16616</strong></span> 
     </span>
     <span class='ocr_line' id='line_1_43' title="bbox 496 4365 1988 4439; baseline -0.001 -18"><span class='ocrx_word' id='word_1_429' title='bbox 496 4365 619 4422; x_wconf 87' lang='grc'><strong>666166</strong></span> <span class='ocrx_word' id='word_1_430' title='bbox 639 4371 789 4423; x_wconf 87' lang='lat' dir='ltr'><strong>contentus</strong></span> <span class='ocrx_word' id='word_1_431' title='bbox 808 4367 1104 4426; x_wconf 82' lang='grc'><strong>61166116116166611.</strong></span> <span class='ocrx_word' id='word_1_432' title='bbox 1123 4381 1306 4437; x_wconf 85' lang='lat' dir='ltr'><strong>quaecuuque</strong></span> <span class='ocrx_word' id='word_1_433' title='bbox 1325 4382 1360 4422; x_wconf 88' lang='grc'><strong>66</strong></span> <span class='ocrx_word' id='word_1_434' title='bbox 1379 4367 1536 4424; x_wconf 87' lang='lat' dir='ltr'><strong>oratoribus</strong></span> <span class='ocrx_word' id='word_1_435' title='bbox 1554 4370 1648 4439; x_wconf 88' lang='grc'><strong>666661</strong></span> <span class='ocrx_word' id='word_1_436' title='bbox 1669 4383 1704 4425; x_wconf 89' lang='grc'><strong>66</strong></span> <span class='ocrx_word' id='word_1_437' title='bbox 1721 4374 1751 4424; x_wconf 86' lang='grc'><strong>61</strong></span> <span class='ocrx_word' id='word_1_438' title='bbox 1763 4366 1873 4423; x_wconf 86' lang='lat' dir='ltr'><strong>comicis</strong></span> <span class='ocrx_word' id='word_1_439' title='bbox 1885 4365 1988 4421; x_wconf 84' lang='lat' dir='ltr'><strong>Atticis</strong></span> 
     </span>
     <span class='ocr_line' id='line_1_44' title="bbox 498 4437 1988 4512; baseline -0.001 -18"><span class='ocrx_word' id='word_1_440' title='bbox 498 4437 535 4495; x_wconf 86' lang='lat' dir='ltr'><strong>ad</strong></span> <span class='ocrx_word' id='word_1_441' title='bbox 555 4438 672 4494; x_wconf 87' lang='lat' dir='ltr'><strong>lacunas</strong></span> <span class='ocrx_word' id='word_1_442' title='bbox 691 4439 863 4508; x_wconf 89' lang='lat' dir='ltr'><strong>supplendas</strong></span> <span class='ocrx_word' id='word_1_443' title='bbox 880 4446 910 4496; x_wconf 91' lang='lat' dir='ltr'><strong>ct</strong></span> <span class='ocrx_word' id='word_1_444' title='bbox 927 4439 965 4495; x_wconf 88' lang='lat' dir='ltr'><strong>ad</strong></span> <span class='ocrx_word' id='word_1_445' title='bbox 983 4438 1186 4508; x_wconf 87' lang='lat' dir='ltr'><strong>diligentiorem</strong></span> <span class='ocrx_word' id='word_1_446' title='bbox 1204 4439 1393 4495; x_wconf 89' lang='lat' dir='ltr'><strong>institutorum</strong></span> <span class='ocrx_word' id='word_1_447' title='bbox 1419 4441 1461 4495; x_wconf 90' lang='grc'><strong>661</strong></span> <span class='ocrx_word' id='word_1_448' title='bbox 1488 4441 1616 4512; x_wconf 89' lang='lat' dir='ltr'><strong>publicae</strong></span> <span class='ocrx_word' id='word_1_449' title='bbox 1666 4439 1818 4496; x_wconf 88' lang='grc'><strong>1166166616</strong></span> <span class='ocrx_word' id='word_1_450' title='bbox 1845 4437 1988 4494; x_wconf 85' lang='lat' dir='ltr'><strong>scientiam</strong></span> 
     </span>
     <span class='ocr_line' id='line_1_45' title="bbox 497 4509 1988 4584; baseline 0.001 -22"><span class='ocrx_word' id='word_1_451' title='bbox 497 4509 560 4567; x_wconf 84' lang='lat' dir='ltr'><strong>usui</strong></span> <span class='ocrx_word' id='word_1_452' title='bbox 578 4511 604 4565; x_wconf 94' lang='grc'><strong>61</strong></span> <span class='ocrx_word' id='word_1_453' title='bbox 624 4526 687 4567; x_wconf 90' lang='lat' dir='ltr'><strong>esse</strong></span> <span class='ocrx_word' id='word_1_454' title='bbox 706 4511 768 4567; x_wconf 87' lang='lat' dir='ltr'><strong>viss</strong></span> <span class='ocrx_word' id='word_1_455' title='bbox 780 4517 853 4569; x_wconf 86' lang='lat' dir='ltr'><strong>suut</strong></span> <span class='ocrx_word' id='word_1_456' title='bbox 882 4512 1018 4568; x_wconf 86' lang='lat' dir='ltr'><strong>Attamen</strong></span> <span class='ocrx_word' id='word_1_457' title='bbox 1031 4517 1189 4580; x_wconf 87' lang='lat' dir='ltr'><strong>temperare</strong></span> <span class='ocrx_word' id='word_1_458' title='bbox 1201 4509 1254 4566; x_wconf 87' lang='lat' dir='ltr'><strong>sibi</strong></span> <span class='ocrx_word' id='word_1_459' title='bbox 1266 4526 1322 4567; x_wconf 91' lang='lat' dir='ltr'><strong>non</strong></span> <span class='ocrx_word' id='word_1_460' title='bbox 1337 4511 1437 4582; x_wconf 88' lang='lat' dir='ltr'><strong>potuit,</strong></span> <span class='ocrx_word' id='word_1_461' title='bbox 1457 4515 1524 4582; x_wconf 88' lang='lat' dir='ltr'><strong>quin</strong></span> <span class='ocrx_word' id='word_1_462' title='bbox 1536 4514 1678 4584; x_wconf 86' lang='lat' dir='ltr'><strong>egregium</strong></span> <span class='ocrx_word' id='word_1_463' title='bbox 1691 4511 1795 4568; x_wconf 86' lang='lat' dir='ltr'><strong>iontem</strong></span> <span class='ocrx_word' id='word_1_464' title='bbox 1808 4509 1988 4567; x_wconf 85' lang='lat' dir='ltr'><strong>Aristotelem</strong></span> 
     </span>
    </p>
   </div>
   <div class='ocr_carea' id='block_1_7' title="bbox 497 4580 1396 4655">
    <p class='ocr_par' dir='ltr' id='par_1_9' title="bbox 497 4580 1396 4655">
     <span class='ocr_line' id='line_1_46' title="bbox 497 4580 1396 4655; baseline -0.006 -16"><span class='ocrx_word' id='word_1_465' title='bbox 497 4581 624 4639; x_wconf 92' lang='lat' dir='ltr'><strong>omnibus</strong></span> <span class='ocrx_word' id='word_1_466' title='bbox 643 4584 744 4638; x_wconf 90' lang='lat' dir='ltr'><strong>ceteris</strong></span> <span class='ocrx_word' id='word_1_467' title='bbox 762 4589 949 4654; x_wconf 88' lang='lat' dir='ltr'><strong>praeponeret</strong></span> <span class='ocrx_word' id='word_1_468' title='bbox 968 4588 998 4640; x_wconf 94' lang='lat' dir='ltr'><strong>et</strong></span> <span class='ocrx_word' id='word_1_469' title='bbox 1015 4585 1186 4655; x_wconf 87' lang='lat' dir='ltr'><strong>potissimum</strong></span> <span class='ocrx_word' id='word_1_470' title='bbox 1205 4580 1396 4654; x_wconf 89' lang='lat' dir='ltr'><strong>sequeretur“.</strong></span> 
     </span>
    </p>
   </div>
   <div class='ocr_carea' id='block_1_8' title="bbox 506 4661 1990 4733">
    <p class='ocr_par' dir='ltr' id='par_1_10' title="bbox 506 4661 1990 4733">
     <span class='ocr_line' id='line_1_47' title="bbox 506 4661 1990 4733; baseline 0 -14"><span class='ocrx_word' id='word_1_471' title='bbox 506 4692 510 4704; x_wconf 92' lang='lat'>·</span> <span class='ocrx_word' id='word_1_472' title='bbox 600 4661 621 4730; x_wconf 74' lang='grc'><strong>1)</strong></span> <span class='ocrx_word' id='word_1_473' title='bbox 639 4663 720 4719; x_wconf 88' lang='grc'><strong>16166</strong></span> <span class='ocrx_word' id='word_1_474' title='bbox 738 4663 789 4720; x_wconf 89' lang='grc'><strong>166</strong></span> <span class='ocrx_word' id='word_1_475' title='bbox 807 4680 896 4721; x_wconf 83' lang='lat' dir='ltr'><strong>annos</strong></span> <span class='ocrx_word' id='word_1_476' title='bbox 914 4665 1025 4721; x_wconf 89' lang='lat' dir='ltr'><strong>libellus</strong></span> <span class='ocrx_word' id='word_1_477' title='bbox 1044 4664 1231 4720; x_wconf 87' lang='lat' dir='ltr'><strong>Aristotcleus</strong></span> <span class='ocrx_word' id='word_1_478' title='bbox 1244 4665 1413 4733; x_wconf 83' lang='lat' dir='ltr'><strong>compositus</strong></span> <span class='ocrx_word' id='word_1_479' title='bbox 1425 4670 1477 4720; x_wconf 86' lang='lat' dir='ltr'><strong>cst</strong></span> <span class='ocrx_word' id='word_1_480' title='bbox 1504 4664 1538 4722; x_wconf 83' lang='lat' dir='ltr'><strong>ci.</strong></span> <span class='ocrx_word' id='word_1_481' title='bbox 1553 4665 1628 4722; x_wconf 81' lang='lat' dir='ltr'><strong>cecil</strong></span> <span class='ocrx_word' id='word_1_482' title='bbox 1640 4666 1718 4720; x_wconf 88' lang='lat' dir='ltr'><strong>Torr.</strong></span> <span class='ocrx_word' id='word_1_483' title='bbox 1729 4662 1905 4720; x_wconf 87' lang='lat' dir='ltr'><strong>Athenaeum</strong></span> <span class='ocrx_word' id='word_1_484' title='bbox 1918 4664 1990 4719; x_wconf 75' lang='lat'>3302</span> 
     </span>
    </p>
   </div>
   <div class='ocr_carea' id='block_1_9' title="bbox 496 4734 1990 4879">
    <p class='ocr_par' dir='ltr' id='par_1_11' title="bbox 496 4734 1990 4879">
     <span class='ocr_line' id='line_1_48' title="bbox 497 4734 1990 4808; baseline 0.002 -18"><span class='ocrx_word' id='word_1_485' title='bbox 497 4752 525 4806; x_wconf 88' lang='lat' dir='ltr'><strong>p.</strong></span> <span class='ocrx_word' id='word_1_486' title='bbox 545 4735 606 4791; x_wconf 79' lang='grc'><strong>181.</strong></span> <span class='ocrx_word' id='word_1_487' title='bbox 644 4736 769 4805; x_wconf 71' lang='grc'><strong>11661661</strong></span> <span class='ocrx_word' id='word_1_488' title='bbox 787 4737 918 4794; x_wconf 87' lang='grc' dir='ltr'><strong>Β6616116</strong></span> <span class='ocrx_word' id='word_1_489' title='bbox 936 4735 1007 4792; x_wconf 78' lang='lat' dir='ltr'><strong>tiber</strong></span> <span class='ocrx_word' id='word_1_490' title='bbox 1024 4735 1069 4792; x_wconf 88' lang='grc'><strong>116</strong></span> <span class='ocrx_word' id='word_1_491' title='bbox 1088 4734 1326 4807; x_wconf 86' lang='lat' dir='ltr'><strong>Verhaudlungeu</strong></span> <span class='ocrx_word' id='word_1_492' title='bbox 1346 4736 1627 4808; x_wconf 67' lang='grc'><strong>166111616181616</strong></span> <span class='ocrx_word' id='word_1_493' title='bbox 1640 4735 1792 4794; x_wconf 79' lang='grc'><strong>1166611661.</strong></span> <span class='ocrx_word' id='word_1_494' title='bbox 1805 4734 1990 4793; x_wconf 79' lang='grc'><strong>1661116666-</strong></span> 
     </span>
     <span class='ocr_line' id='line_1_49' title="bbox 496 4807 1180 4879; baseline 0 -15"><span class='ocrx_word' id='word_1_495' title='bbox 496 4807 627 4864; x_wconf 79' lang='lat' dir='ltr'><strong>schaften</strong></span> <span class='ocrx_word' id='word_1_496' title='bbox 647 4823 683 4863; x_wconf 86' lang='lat' dir='ltr'><strong>au</strong></span> <span class='ocrx_word' id='word_1_497' title='bbox 700 4808 826 4879; x_wconf 72' lang='lat' dir='ltr'><strong>laipzig.</strong></span> <span class='ocrx_word' id='word_1_498' title='bbox 854 4810 933 4865; x_wconf 81' lang='grc'><strong>11111.</strong></span> <span class='ocrx_word' id='word_1_499' title='bbox 961 4809 1049 4879; x_wconf 80' lang='grc'><strong>619.</strong></span> <span class='ocrx_word' id='word_1_500' title='bbox 1070 4823 1134 4864; x_wconf 90' lang='lat' dir='ltr'><strong>ann.</strong></span> <span class='ocrx_word' id='word_1_501' title='bbox 1154 4807 1180 4864; x_wconf 80' lang='lat'><strong>2.</strong></span> 
     </span>
    </p>
   </div>
   <div class='ocr_carea' id='block_1_10' title="bbox 498 4886 1991 5104">
    <p class='ocr_par' dir='ltr' id='par_1_12' title="bbox 498 4886 1991 5104">
     <span class='ocr_line' id='line_1_50' title="bbox 598 4886 1990 4960; baseline 0.002 -17"><span class='ocrx_word' id='word_1_502' title='bbox 598 4886 620 4954; x_wconf 79' lang='lat'><strong>⁴)</strong></span> <span class='ocrx_word' id='word_1_503' title='bbox 639 4888 691 4943; x_wconf 86' lang='lat' dir='ltr'><strong>Hic</strong></span> <span class='ocrx_word' id='word_1_504' title='bbox 704 4903 816 4960; x_wconf 88' lang='lat' dir='ltr'><strong>quoque</strong></span> <span class='ocrx_word' id='word_1_505' title='bbox 829 4889 967 4945; x_wconf 90' lang='lat' dir='ltr'><strong>rationem</strong></span> <span class='ocrx_word' id='word_1_506' title='bbox 985 4889 1157 4945; x_wconf 89' lang='lat' dir='ltr'><strong>onomastico</strong></span> <span class='ocrx_word' id='word_1_507' title='bbox 1193 4888 1267 4959; x_wconf 90' lang='grc'><strong>6611,</strong></span> <span class='ocrx_word' id='word_1_508' title='bbox 1279 4905 1362 4959; x_wconf 85' lang='lat' dir='ltr'><strong>quam</strong></span> <span class='ocrx_word' id='word_1_509' title='bbox 1376 4905 1461 4960; x_wconf 89' lang='lat' dir='ltr'><strong>supra</strong></span> <span class='ocrx_word' id='word_1_510' title='bbox 1471 4889 1527 4944; x_wconf 91' lang='lat' dir='ltr'><strong>iam</strong></span> <span class='ocrx_word' id='word_1_511' title='bbox 1540 4889 1821 4958; x_wconf 88' lang='lat' dir='ltr'><strong>commemoravimus,</strong></span> <span class='ocrx_word' id='word_1_512' title='bbox 1838 4887 1990 4946; x_wconf 87' lang='lat' dir='ltr'><strong>observare</strong></span> 
     </span>
     <span class='ocr_line' id='line_1_51' title="bbox 498 4959 1991 5032; baseline 0.001 -18"><span class='ocrx_word' id='word_1_513' title='bbox 498 4959 574 5016; x_wconf 86' lang='lat' dir='ltr'><strong>iicet.</strong></span> <span class='ocrx_word' id='word_1_514' title='bbox 607 4959 720 5015; x_wconf 80' lang='lat' dir='ltr'><strong>Etenim</strong></span> <span class='ocrx_word' id='word_1_515' title='bbox 739 4961 866 5031; x_wconf 89' lang='lat' dir='ltr'><strong>quamvis</strong></span> <span class='ocrx_word' id='word_1_516' title='bbox 883 4976 1013 5030; x_wconf 88' lang='lat' dir='ltr'><strong>maguam</strong></span> <span class='ocrx_word' id='word_1_517' title='bbox 1032 4962 1160 5018; x_wconf 86' lang='lat' dir='ltr'><strong>Aristote</strong></span> <span class='ocrx_word' id='word_1_518' title='bbox 1173 4961 1198 5015; x_wconf 87' lang='lat' dir='ltr'><strong>el</strong></span> <span class='ocrx_word' id='word_1_519' title='bbox 1222 4963 1411 5017; x_wconf 85' lang='lat' dir='ltr'><strong>commentarii</strong></span> <span class='ocrx_word' id='word_1_520' title='bbox 1430 4967 1539 5032; x_wconf 88' lang='lat' dir='ltr'><strong>partem</strong></span> <span class='ocrx_word' id='word_1_521' title='bbox 1558 4961 1585 5015; x_wconf 94' lang='lat' dir='ltr'><strong>in</strong></span> <span class='ocrx_word' id='word_1_522' title='bbox 1602 4960 1795 5017; x_wconf 85' lang='lat' dir='ltr'><strong>onomasticon</strong></span> <span class='ocrx_word' id='word_1_523' title='bbox 1808 4960 1991 5030; x_wconf 89' lang='lat' dir='ltr'><strong>transtulerit,</strong></span> 
     </span>
     <span class='ocr_line' id='line_1_52' title="bbox 499 5030 1990 5104; baseline 0.003 -19"><span class='ocrx_word' id='word_1_524' title='bbox 499 5047 561 5087; x_wconf 90' lang='lat' dir='ltr'><strong>uon</strong></span> <span class='ocrx_word' id='word_1_525' title='bbox 580 5031 701 5102; x_wconf 89' lang='lat' dir='ltr'><strong>ingenue</strong></span> <span class='ocrx_word' id='word_1_526' title='bbox 718 5031 826 5088; x_wconf 85' lang='grc'><strong>1616166</strong></span> <span class='ocrx_word' id='word_1_527' title='bbox 844 5049 879 5089; x_wconf 84' lang='grc'><strong>66</strong></span> <span class='ocrx_word' id='word_1_528' title='bbox 898 5047 953 5102; x_wconf 91' lang='grc'><strong>666</strong></span> <span class='ocrx_word' id='word_1_529' title='bbox 971 5034 1048 5089; x_wconf 84' lang='grc'><strong>16616</strong></span> <span class='ocrx_word' id='word_1_530' title='bbox 1067 5049 1119 5089; x_wconf 87' lang='grc'><strong>666</strong></span> <span class='ocrx_word' id='word_1_531' title='bbox 1136 5037 1220 5103; x_wconf 84' lang='grc'><strong>66616</strong></span> <span class='ocrx_word' id='word_1_532' title='bbox 1240 5034 1409 5104; x_wconf 80' lang='lat' dir='ltr'><strong>irrigaverit.</strong></span> <span class='ocrx_word' id='word_1_533' title='bbox 1445 5035 1524 5089; x_wconf 88' lang='lat' dir='ltr'><strong>Inest</strong></span> <span class='ocrx_word' id='word_1_534' title='bbox 1540 5033 1568 5087; x_wconf 91' lang='lat' dir='ltr'><strong>in</strong></span> <span class='ocrx_word' id='word_1_535' title='bbox 1591 5037 1692 5089; x_wconf 91' lang='lat' dir='ltr'><strong>octavo</strong></span> <span class='ocrx_word' id='word_1_536' title='bbox 1719 5030 1790 5089; x_wconf 89' lang='lat' dir='ltr'><strong>libro</strong></span> <span class='ocrx_word' id='word_1_537' title='bbox 1817 5049 1888 5089; x_wconf 91' lang='lat' dir='ltr'><strong>unus</strong></span> <span class='ocrx_word' id='word_1_538' title='bbox 1905 5034 1990 5100; x_wconf 86' lang='lat' dir='ltr'><strong>locus,</strong></span> 
     </span>
    </p>
   </div>
   <div class='ocr_carea' id='block_1_11' title="bbox 496 5103 1991 5250">
    <p class='ocr_par' dir='ltr' id='par_1_13' title="bbox 496 5103 1991 5250">
     <span class='ocr_line' id='line_1_53' title="bbox 496 5103 1991 5178; baseline 0.001 -20"><span class='ocrx_word' id='word_1_539' title='bbox 496 5103 549 5158; x_wconf 70' lang='lat' dir='ltr'><strong>&#39;cui</strong></span> <span class='ocrx_word' id='word_1_540' title='bbox 577 5103 741 5161; x_wconf 87' lang='lat' dir='ltr'><strong>Aristotelis</strong></span> <span class='ocrx_word' id='word_1_541' title='bbox 767 5120 868 5162; x_wconf 86' lang='lat' dir='ltr'><strong>nomen</strong></span> <span class='ocrx_word' id='word_1_542' title='bbox 899 5104 1053 5160; x_wconf 82' lang='lat' dir='ltr'><strong>subnexum</strong></span> <span class='ocrx_word' id='word_1_543' title='bbox 1076 5113 1140 5172; x_wconf 67' lang='grc'><strong>6616,</strong></span> <span class='ocrx_word' id='word_1_544' title='bbox 1162 5105 1231 5162; x_wconf 91' lang='lat' dir='ltr'><strong>Vlll</strong></span> <span class='ocrx_word' id='word_1_545' title='bbox 1255 5107 1289 5161; x_wconf 88' lang='grc'><strong>63</strong></span> <span class='ocrx_word' id='word_1_546' title='bbox 1317 5110 1349 5161; x_wconf 76' lang='grc' dir='ltr'><strong>τὸ</strong></span> <span class='ocrx_word' id='word_1_547' title='bbox 1370 5112 1396 5160; x_wconf 79' lang='lat' dir='ltr'><strong>dt</strong></span> <span class='ocrx_word' id='word_1_548' title='bbox 1414 5106 1641 5178; x_wconf 64' lang='lat' dir='ltr'><strong>napaeasassalti</strong></span> <span class='ocrx_word' id='word_1_549' title='bbox 1663 5125 1721 5159; x_wconf 68' lang='lat' dir='ltr'><strong>svor</strong></span> <span class='ocrx_word' id='word_1_550' title='bbox 1744 5108 1785 5160; x_wconf 80' lang='grc'><strong>161</strong></span> <span class='ocrx_word' id='word_1_551' title='bbox 1805 5105 1991 5175; x_wconf 67' lang='grc'><strong>6161616666,</strong></span> 
     </span>
     <span class='ocr_line' id='line_1_54' title="bbox 500 5128 1991 5250; baseline 0.004 -24"><span class='ocrx_word' id='word_1_552' title='bbox 500 5175 569 5243; x_wconf 76' lang='grc'><strong>(1666</strong></span> <span class='ocrx_word' id='word_1_553' title='bbox 588 5174 680 5231; x_wconf 72' lang='grc'><strong>61616</strong></span> <span class='ocrx_word' id='word_1_554' title='bbox 696 5179 864 5250; x_wconf 67' lang='grc' dir='ltr'><strong><em>παραβόλων</em></strong></span> <span class='ocrx_word' id='word_1_555' title='bbox 881 5176 1000 5241; x_wconf 60' lang='lat' dir='ltr'><strong>adcisa,</strong></span> <span class='ocrx_word' id='word_1_556' title='bbox 1024 5178 1179 5250; x_wconf 66' lang='grc'><strong>6661616166</strong></span> <span class='ocrx_word' id='word_1_557' title='bbox 1193 5175 1377 5250; x_wconf 74' lang='lat' dir='ltr'><strong>&#39;Apcococthc</strong></span> <span class='ocrx_word' id='word_1_558' title='bbox 1394 5181 1467 5248; x_wconf 69' lang='lat' dir='ltr'><strong>iiras.</strong></span> <span class='ocrx_word' id='word_1_559' title='bbox 1509 5176 1613 5234; x_wconf 75' lang='lat' dir='ltr'><strong>Vocem</strong></span> <span class='ocrx_word' id='word_1_560' title='bbox 1638 5128 1789 5248; x_wconf 50' lang='grc'><strong>1118111186</strong></span> <span class='ocrx_word' id='word_1_561' title='bbox 1816 5175 1925 5234; x_wconf 78' lang='lat' dir='ltr'><strong>nomine</strong></span> <span class='ocrx_word' id='word_1_562' title='bbox 1952 5176 1991 5232; x_wconf 85' lang='lat' dir='ltr'><strong>in·</strong></span> 
     </span>
    </p>
   </div>
   <div class='ocr_carea' id='block_1_12' title="bbox 0 0 2207 5812">
    <p class='ocr_par' dir='ltr' id='par_1_14' title="bbox 0 0 2207 5812">
     <span class='ocr_line' id='line_1_55' title="bbox 0 0 2207 5812; baseline 0 0"><span class='ocrx_word' id='word_1_563' title='bbox 0 0 2207 5812; x_wconf 95' lang='lat' dir='ltr'><strong> </strong></span> 
     </span>
    </p>
   </div>
  </div>
 </body>
</html>
