4326 5806
1025 335 1045 402 t

931 423 1145 437 m

307 550 446 632 έτταρες
307 546 505 632 mepte
532 548 813 705 φυλήηίκέωης,
840 550 930 636 πρδς
952 539 1012 622 otc
1624 566 1627 572 ·

288 634 346 710 τδε
373 633 472 711 ἀλλος
494 634 586 811 δίκας
652 637 851 721 γχάυουσιν·
875 645 911 706 οῖ
930 632 1010 743 πρέ.
1703 629 1784 720 noo·

289 745 388 810 τερον
413 713 527 811 μδνή
529 743 592 791 σαν
627 726 806 810 τριάκοντα
840 726 893 795 καὶ
928 720 1009 792 κατὰ
1065 741 1162 827 τερον
1172 719 1235 802 μδυ
1247 708 1332 809 ἦσαν
1345 717 1532 805 τριάκοντα,
1548 719 1785 806 αἱπεριιδκττς

289 812 417 919 δήμους
449 813 623 897 περιόντες
657 815 821 923 ἐδίκαζον,
855 815 938 899 μετὰ
973 809 1009 877 δδ
1066 807 1147 875 κατὰ
1174 808 1302 915 δήμους
1328 806 1368 873 τά
1394 809 1495 896 μέχρι
1521 809 1678 894 δραχμῶν
1704 809 1785 885 δέκα

292 901 351 991 τήν
389 898 445 967 έπδ
484 905 549 968 τάν
595 905 772 990 τριάκοντα
813 871 1010 1015 ὀλιγαρχίαν
1066 898 1224 982 ἐδίκαζον,
1248 896 1286 962 τὰ
1310 897 1347 964 δέ
1371 894 1458 982 ἀπδρ
1479 900 1581 966 ταῦτα
1603 899 1784 1007 διαιτηταῖς

293 990 531 1078 τετταράκοντα
565 994 749 1076 γεγόνασιν.
787 992 842 1060 καὶ
875 996 914 1059 τὰ
948 989 1010 1078 μὲν
1065 948 1297 1076 παρεδίδάσαυ·
1325 985 1408 1070 μετά
1438 986 1475 1053 δδ
1505 986 1583 1098 τήν
1595 989 1663 1053 ττδυ
1696 985 1785 1074 τριά

292 1085 389 1166 μέχρι
422 1082 502 1146 δέκα
501 1084 751 1191 δραχμῶν
728 1081 914 1159 αὐτοτελεῖς
947 1081 1011 1150 εἰσι
1065 1099 1168 1145 κοντα
1179 1073 1370 1162 ὀλιγαρχίαν
1381 1078 1473 1159 μίσει
1489 1071 1583 1144 τοδά
1619 1079 1786 1161 θμοῦτοά

291 1170 445 1254 δικάζειν,
476 1170 515 1236 τὰ
544 1169 660 1261 δάπὲρ
689 1177 789 1239 τοῦτο
818 1172 855 1239 τὸ
885 1175 1012 1263 τίμημα
1065 1166 1243 1254 τριάκοντα
1258 1164 1561 1254 “)τετταρα’κυυτα
1603 1170 1780 1250 γ.ένεντε

291 1268 361 1336 τοῖς
394 1261 575 1350 διαιτηταῖς
612 1262 862 1349 παραδιδόασιν
918 1267 1012 1354 Quae

293 1362 484 1441 sequuntur,
511 1358 632 1425 desunt
646 1359 735 1443 opud
752 1360 1029 1443 grammaticum-

517 1464 656 1532 Aristot.
679 1467 783 1534 60.1
1289 1456 1376 1525 Poll.
1399 1456 1493 1528 VIII
1516 1458 1572 1526 96.

293 1545 454 1635 κληροοσι
465 1546 502 1612 δε
515 1569 570 1612 και
561 1545 771 1624 ἀθλοθέτας
785 1550 865 1615 δέκα
881 1546 1011 1633 ἀυ,δρας
1066 1539 1252 1610 ἀθλοθέται
1286 1540 1366 1606 δέκα
1398 1542 1462 1621 μέν
1497 1538 1593 1622 είσιν,
1628 1527 1675 1613 εἱς
1704 1536 1784 1607 κατδ

294 1634 355 1701 δνα
377 1639 435 1722 τής
457 1659 505 1720 φτ
507 1636 566 1724 λης
588 1638 735 1724 ἑκάστης
764 1625 858 1704 οδτοι
873 1637 910 1703 δδ
925 1638 1013 1703 δοκι
1066 1630 1187 1720 φυλήν,
1212 1631 1474 1712 δοκιμασθέντες
1496 1627 1575 1701 δέ’
1550 1647 1712 1738 αρχουσιν
1728 1628 1786 1717 έτη

293 1728 480 1805 μασθέντες
506 1722 648 1833 ἀρχοοσι
683 1731 820 1811 τέτταρα
853 1728 922 1815 ἀτη,
959 1723 1014 1792 καὶ
1067 1727 1202 1808 τέτταρα
1238 1719 1293 1789 tut
1327 1720 1373 1802 τῷ
1406 1719 1576 1791 διαθεῖναι
1608 1717 1649 1787 τὰ
1677 1723 1786 1790 navo·

295 1813 461 1882 διοικουσι
490 1813 581 1926 τήν
577 1837 614 1881 τε
640 1818 808 1925 utputo.
812 1819 878 1882 τοῖν
901 1820 1014 1884 Πανα
1068 1811 1202 1921 θήνοια,
1219 1809 1279 1879 τόν
1295 1829 1332 1874 τε
1345 1806 1511 1890 μουσικδυ
1526 1806 1581 1879 καί
1597 1806 1658 1878 τδν
1673 1830 1786 1892 χυμυι

296 1904 447 2012 θηναίηον
470 1925 525 1970 και
547 1902 606 1970 τὸν
628 1902 740 2014 ἀγάνα
767 1909 824 2017 τῆς
850 1908 1015 2014 μουσικῆς
1068 1899 1129 1967 κδν
1153 1896 1292 1989 κοίτην
1315 1898 1556 1986 ἱπποδρομίαν.

298 1988 353 2059 καὶ
375 1993 434 2059 τδν
457 1991 662 2076 γυμνικδν’
640 1999 752 2078 αγοῑυα
767 1992 822 2062 καὶ
837 1993 898 2083 τήν
914 1995 1014 2063 ίππο·
1160 2018 1170 2040 ·

297 2081 446 2169 δραμίαν.
507 2090 696 2175 Reliqua
687 2114 722 2158 111
755 2092 892 2160 Polluce
931 2090 1014 2159 deei-

296 2178 463 2247 dotentur.

403 2286 478 2353 Iem
503 2309 544 2355 εε
566 2288 834 2443 contemplemur,
863 2307 948 2371 quoe
972 2287 1013 2353 de
1037 2283 1240 2370 prytanibue
1270 2284 1312 2351 de
1335 2281 1553 2364 contionibus,
1578 2281 1621 2350 de
1643 2283 1787 2367 epicteto

296 2373 481 2443 Aristotele
511 2382 647 2444 auctore
675 2376 906 2460 grammaticus
935 2397 1002 2443 non
1028 2375 1134 2461 polum
1162 2374 1277 2441 eodem
1305 2374 1429 2454 ordine,
1460 2371 1519 2438 eod
1546 2372 1649 2440 etiem
1669 2371 1786 2440 iisdem

295 2464 363 2531 fere
379 2465 488 2532 verbio
505 2467 664 2551 exposuit,
687 2467 736 2532 ito
751 2472 871 2546 tomen,
886 2471 926 2532 ut
940 2465 1023 2533 heee
1037 2464 1210 2547 reciperet,
1235 2468 1408 2547 sperneret
1420 2422 1490 2543 lllu,
1510 2481 1620 2545 peuoe
1634 2461 1786 2529 edderet:

434 2571 624 2638 Aristoto.
640 2573 695 2640 46.
712 2573 880 2640 3-442.
1244 2569 1365 2636 Pollux
1387 2568 1470 2669 VIII
1494 2567 1549 2636 95·
1566 2568 1621 2636 96.

297 2650 389 2717 οἱδὲ
407 2654 678 2766 πρυτανεύοντος
693 2712 790 2730 ,,,,,
814 2655 1015 2739 συνάγουσιν
1071 2652 1257 2761 πρυτάνεις
1283 2637 1378 2718 οὗτοι
1402 2651 1462 2757 τὴν
1485 2649 1612 2739 βονλην
1617 2650 1788 2764 ς’,συνάγον

297 2734 352 2804 καὶ
380 2739 441 2829 τὴν
447 2740 596 2896 ,βουλήν
625 2743 679 2810 καί
708 2742 766 2810 τὸν
799 2745 867 2853 δήμ
870 2767 920 2824 ον,
954 2742 1015 2831 τήν
1071 2762 1124 2810 σιν
1148 2738 1320 2830 ὁσημέραι,
1349 2738 1438 2828 πλὴν
1468 2737 1510 2807 ἅν
1533 2762 1583 2814 τις
1609 2729 1631 2832 ᾖ
1654 2738 1787 2828 ἄφετος,

295 2828 360 2912 μέν
382 2831 484 2916 βουλ
467 2855 509 2922 ην
533 2830 610 2899 δσαι
633 2831 763 2989 ημέραι,
787 2832 875 2921 πλὴν
891 2800 950 2899 δάν
967 2855 1016 2906 τις
1070 2830 1128 2898 τὸν
1152 2831 1188 2897 δέ
1211 2831 1318 2940 δήμου
1342 2829 1490 2915 τετράκις
1512 2829 1652 2938 ἑκάστης
1667 2851 1787 2917 πρυτα

296 2912 512 3008 ἀφέσιμοςή,
536 2921 654 2989 τδνδὲ
670 2925 779 3031 δήμηυ
785 2923 943 3034 τετράκις
958 2926 1016 3010 τῆς
1070 2923 1166 2994 νείας
1191 2918 1246 2985 καί
1263 2919 1497 3006 προγράφουσι
1512 2918 1577 3028 πρὸ
1594 2923 1652 3008 τῆς
1665 2920 1789 3008 βουλῆς

298 3012 498 3094 πρυτανείας
519 3011 580 3078 έκά
643 3036 668 3086 ς.
696 3010 752 3081 καὶ
779 3010 842 3079 οσα
867 3014 920 3079 δεῖ
940 3035 1016 3121 χρη.
1071 3008 1125 3077 καὶ
1153 3008 1219 3095 πρὸ
1250 3032 1308 3092 της
1341 3008 1479 3118 έκκλησ
1476 3032 1515 3084 ας
1543 3006 1627 3096 ὑπὲρ
1661 3010 1710 3076 (δν
1736 3010 1791 3076 δεῖ

296 3100 393 3179 ματίζ
376 3103 442 3178 ζειν
470 3099 599 3189 τήνο
559 3032 685 3208 plllt'o
710 3151 850 3169 ......
874 3101 1016 3188 προγρά.
1070 3102 1291 3210 χρηματίζειν.
1326 3101 1391 3165 τάν
1425 3096 1454 3164 δ’
1456 3094 1694 3208 έκκλησιοῖυ“
1675 3122 1696 3188 η
1723 3099 1787 3183 μέν
1867 3139 1868 3143 =

299 3207 413 3271 φουσι
423 3193 679 3298 προγράφουσι
693 3192 731 3258 δέ
753 3189 867 3259 καὶ
831 3213 888 3266 τας
903 3192 1016 3280 δκκλη-
1071 3191 1177 3277 κυρία,
1206 3175 1286 3254 lo‘
1266 3211 1286 3276 η
1310 3186 1366 3264 τὰς
1393 3184 1496 3274 ἀρχὰς
1518 3187 1787 3299 έπιχειροτονου

300 3275 371 3382 σίας
394 3299 500 3344 ουτοι·
527 3282 608 3359 μίαν
623 3281 686 3364 μέν
710 3284 844 3393 κυρίαν,
863 3280 943 3346 έν
922 3306 942 3370 η
967 3282 1020 3347 δεῖ
1072 3297 1135 3368 σιν,
1163 3278 1257 3362 οἱπερ
1282 3278 1389 3353 καλάς
1391 3274 1632 3388 ἀρχουσιν,’“
1609 3276 1788 3367 ηάποχει·

299 3360 356 3439 τάς
382 3363 487 3452 ἀρχὰς
515 3366 778 3480 έπιχειροτονεῖη
814 3369 844 3436 εί
878 3372 1018 3436 δοκοῦσι
1072 3371 1282 3479 ηοτονοῦσιν
1318 3351 1404 3432 έν
1382 3391 1402 3456 η
1427 3364 1482 3434 καί
1509 3367 1566 3441 τὰς
1588 3364 1661 3435 eleo
1663 3368 1789 3452 γγελίας

298 3453 405 3530 καλοῖς
426 3453 542 3543 ἀρχειν
567 3506 697 3525 .....
722 3457 776 3524 καί
798 3459 855 3535 τὰς
877 3458 1017 3541 εἰσαγγε-
1071 3482 1089 3524 ο
1114 3456 1320 3543 βουλόμενος
1334 3453 1545 3540 εἰσαγγέλλει,
1567 3454 1695 3533 κοίτας
1708 3454 1788 3522 α’πο·

298 3543 369 3616 λίας
397 3543 434 3609 δν
462 3546 563 3634 ταύτῃ
591 3551 630 3636 τῇ
656 3545 763 3659 ήμὲρρ
791 3549 867 3626 τοὺς
901 3551 1017 3635 βουλο-
1072 3545 1200 3635 γραφὰς
1238 3551 1304 3613 τῶν
1347 3546 1588 3655 δημευομέναν
1627 3543 1788 3656 ἀυαγιτά

298 3638 422 3712 μένους
448 3640 621 3722 ποεῑσθοι,
654 3635 709 3704 καὶ
735 3642 792 3712 τάς
818 3636 1018 3749 ἀπογραφὰς
1071 3656 1211 3704 σκουσιν
1235 3637 1272 3702 οἱ
1298 3632 1383 3721 πρδς
1410 3644 1480 3709 ταῖς
1508 3636 1624 3717 δίκαις,
1648 3633 1705 3704 καί
1731 3634 1788 3713 τὰς

300 3724 365 3827 τήν
402 3724 642 3832 δημευομένων
681 3724 918 3813 ἀναγινώσκειν
964 3752 1017 3794 και
1070 3727 1179 3815 λήξεις
1222 3729 1287 3790 τάν
1326 3724 1471 3814 κλήρου·
1518 3721 1539 3806 ἡ
1576 3725 1613 3792 δδ
1650 3727 1788 3811 δευτέρα

300 3808 356 3885 τὰς
378 3812 487 3923 λήξεις
516 3820 582 3881 τοῖν
608 3816 747 3906 κλήρων
763 3866 875 3884 .....
900 3823 1016 3903 ἑτέραν
1072 3815 1229 3904 έκκλησία
1273 3812 1400 3881 ἀνεῖται
1445 3823 1515 3888 τοῖς
1558 3815 1788 3925 βουλομένοις,

300 3897 337 3964 δέ
360 3909 431 3973 ταῖς
455 3904 641 3992 ἱκετηρίαις,
666 3907 747 3971 έυ“
708 3934 745 4028 η
771 3905 844 4017 θεὶς
846 3905 1019 4016 δβουλό-
1072 3906 1239 4015 ἱκετηρίαν
1264 3909 1431 3988 θεμένοις,
1454 3905 1562 3988 λέγειν
1586 3901 1689 3981 ἀδεάς
1710 3927 1789 3991 περι

300 4010 404 4072 μενος
425 3992 594 4102 ἱκετηρίαν
616 3994 745 4082 περὶ“)
732 3983 813 4081 poto
837 3993 879 4061 ἀι
901 3997 1019 4084 βοάλη-
1072 4017 1107 4061 τε
1130 3997 1195 4059 τοῖν
1218 3991 1313 4059 ἰδίων
1336 3992 1479 4060 καὶτῶν
1502 3995 1688 4082 δημοσίων·
1713 3992 1787 4081 ήδλ

301 4099 356 4144 ται
378 4078 435 4147 καί
458 4077 550 4149 ίδίων
575 4084 630 4150 καί
653 4087 823 4193 δημοσίων
839 4088 1019 4197 διαλέξεται
1071 4085 1163 4174 τρίτη
1187 4083 1290 4172 κήρυξ
1291 4106 1376 4150 ικαι
1365 4081 1580 4192 πρεσβείαις
1603 4081 1693 4162 ἀξιοῖ
1710 4106 1788 4173 χρη

297 4167 622 4339 99999999.
643 4174 1022 4337 9999999999
1071 4168 1730 4373 9999999999999999999
1706 4196 1788 4352 't‘t

297 4348 400 4432 νόμοι
436 4351 512 4437 τρία
553 4351 618 4434 μέν
657 4353 757 4435 ἱεράν
794 4356 1017 4444 χρηματίζειν,
1073 4352 1211 4442 τετάρτη
1234 4348 1313 4438 περὶ
1328 4352 1427 4463 ἱεράν
1450 4349 1504 4417 καί
1495 4285 1686 4419 δαίων.
1658 4351 1790 4422 tumve

298 4439 373 4546 τρία
387 4437 545 4527 δὶκήρυξ
545 4464 579 4507 ιν
527 4438 651 4518 ξκαί
672 4446 868 4530 πρεσβείαις,
893 4446 967 4530 τρία
981 4443 1018 4510 δέ
1073 4465 1130 4517 τς
1167 4439 1287 4508 δ’έστὶν
1324 4427 1373 4514 εἷς
1410 4443 1475 4508 τάν
1516 4440 1787 4529 πρυτάνεακ,ο
1767 4438 1787 4511 o‘

300 4523 402 4593 δαίων
427 4577 540 4596 .....
565 4536 810 4619 προσέρχονται
837 4532 873 4599 δὲ
902 4531 956 4599 καὶ
985 4534 1021 4599 οἱ
1072 4465 1183 4643 κ9ήρφ
1199 4529 1324 4612 λαχάν·
1343 4527 1394 4602 δις
1406 4527 1479 4595 δ’
1437 4553 1499 4597 ουκ
1513 4531 1620 4609 δξεστι
1630 4535 1789 4643 γενέσθαι

300 4615 438 4703 κήρυκες
467 4616 523 4685 καὶ
553 4621 591 4687 οἱ
616 4626 793 4734 πρέσβεις
799 4631 869 4697 τοῖς
896 4623 1018 4709 πρυτά-
1073 4621 1132 4688 τὸν
1160 4619 1261 4687 αδτδν
1295 4617 1486 4728 έπιστάτην.
1519 4621 1619 4779 έηει
1624 4620 1660 4688 et
1692 4608 1790 4695 οὗτος

299 4723 391 4770 νεσιυ
428 4712 574 4796 πρῶτον,
609 4733 663 4776 και
696 4713 732 4778 οἱ
758 4709 814 4787 τὰς
842 4711 1019 4786 έπιστολάς
1072 4714 1137 4777 τάν
1161 4711 1261 4800 ἱεράν
1284 4707 1342 4784 τὰς
1355 4710 1443 4785 κλεῖς
1465 4710 1502 4777 έν
1518 4734 1537 4777 ο
1553 4732 1569 4785 ς
1583 4708 1622 4777 τὰ
1638 4710 1790 4799 χρήματα

404 4902 439 4974 ⁸⁶)
454 4907 683 4966 Additumeutum
702 4910 819 4980 probum
837 4916 868 4969 et
885 4911 1062 4968 eommodum
1076 4913 1168 4966 utrum
1185 4909 1222 4965 tle
1239 4924 1290 4966 euo
1308 4924 1340 4966 eo
1359 4908 1435 4967 hieto
1451 4910 1595 4979 odieoerlt
1613 4924 1650 4968 τε
1664 4924 1700 4967 ex
1711 4907 1790 4969 tonte

302 4989 363 5045 nuo,
383 4975 472 5035 lexleo
488 4980 537 5038 illo
554 4980 703 5051 rhetorioo,
722 4982 898 5048 delibuerit
915 5000 972 5040 nou
989 4983 1085 5054 liquet
1113 4981 1147 5039 οέ
1167 4980 1290 5038 eobolion
1367 4981 1499 5041 Aenehiu
1516 4983 1531 5041 1
1548 4982 1584 5037 69
1601 4979 1657 5049 (εδ
1675 4979 1789 5037 Schultz

301 5063 330 5118 p
349 5023 733 5148 261)ε99ἰ1εισονιίίιιο(ῖ,
745 5055 764 5112 l
783 5056 863 5113 1297
882 5055 1105 5126 eqlleuduttuu·
1134 5053 1326 5123 οίτυςμίντοι
1343 5052 1498 5126 uem-t
1517 5049 1631 5126 Ιῖςκιττ
1616 5054 1678 5114 me
1696 5052 1789 5115 2⁰60„

302 5122 668 5195 attrectantur
703 5125 874 5202 οῧάριοινμῖ
897 5130 1083 5200 ῖυχουραίκιιυ.

400 5191 509 5267 ”)κιρί
527 5197 618 5269 suppl.
637 5213 662 5256 ε.
681 5150 751 5257 I’oll
