4358 5820
1024 320 1044 383 6

288 532 360 608 δίας
387 528 654 613 είσαγγίίίουσιν
682 525 730 604 είς
755 533 815 593 τίν
843 529 952 617 δῆμον
963 528 1002 617 Ψ)
1056 528 1322 616 είσαγγείλουσιν
1344 526 1392 604 είς
1414 531 1474 614 τὸν
1497 530 1606 612 δίμον
1636 526 1692 595 καί
1719 528 1776 604 τὰς

288 618 424 696 καὶτὰς
446 619 736 706 καταχειροτονίας
758 614 814 684 καί
836 616 894 707 τὰς
920 642 1001 705 προ·
1057 616 1778 706 χειροτονίας“’)καίτδςπροβολάςείσάγουσι

288 709 389 800 βολὰς
424 706 552 783 ἁπάσας
588 707 777 792 εἰσάγουσαν
816 707 911 774 οῦτοι
949 705 1003 774 καί
1059 707 1113 775 καί
1139 708 1196 785 τὰς
1222 713 1288 774 τοῖν
1314 707 1518 791 παρανόμων
1548 708 1686 795 γραφάς,
1721 706 1780 774 καί

291 798 418 888 γραφὰς
437 796 641 883 παρανόμων
665 795 719 863 καί
741 796 849 879 νόμον
872 795 918 887 μὴ
935 797 1005 863 ἐπι·
1060 798 1093 865 εί
1117 821 1166 874 τις
1186 797 1233 888 μὴ
1257 798 1451 886 ἐπιτήδειον
1475 797 1587 882 νόμον
1608 798 1779 888 γράφειεν,

290 890 424 978 τήδειον
462 891 575 955 θεῖναι
614 884 669 953 καί
710 886 914 974 προεδρικὴν
953 883 1007 952 καί

291 976 505 1066 δπιστατικὴν
534 975 590 1045 καί
626 985 816 1065 στρατηγοῖς
850 975 1006 1051 εὐθύνας.
1314 974 1368 1043 καί
1396 984 1589 1066 στρατηγοῖς
1623 973 1779 1055 addictur.

291 1065 356 1138 είσί
385 1066 421 1134 δὲ
450 1062 505 1133 καί
540 1064 662 1153 γραφαί
695 1065 779 1152 πρὸς
812 1063 933 1140 αὐτοὺς
960 1053 1007 1131 clv
1062 1069 1210 1153 γίνονται
1232 1067 1268 1134 δὲ
1294 1065 1417 1154 γραφαὶ
1440 1066 1525 1156 πρίς
1547 1063 1669 1141 αὐτοὺς

293 1156 496 1246 παράστασις
524 1159 662 1237 τίθεται,
691 1156 801 1234 ξενίας
823 1155 876 1224 καί
904 1158 1007 1239 δωρο-
1493 1155 1610 1236 ξενίας,
1644 1156 1781 1243 διοροξε-

292 1247 413 1339 ξενίας,
433 1245 476 1314 άν
500 1269 548 1322 τις
569 1248 658 1334 δῶρα
678 1245 759 1321 δοὺς
774 1243 932 1334 άποφιίγῃ
947 1245 1008 1335 τὴν
1062 1250 1143 1328 νίας,
1157 1243 1197 1334 ¹²)

293 1336 416 1423 ξενίαν,
438 1337 493 1404 καί
516 1338 738 1421 συκοφαντίας
754 1332 808 1401 καί
823 1334 939 1422 δώρων
956 1333 1009 1401 καί
1184 1335 1309 1423 δώρων,
1333 1337 1564 1421 συκοφαντίας,
1591 1334 1779 1425 φευδοκίιγ.

327 1425 550 1517 ευδεγγραφῆς
577 1425 633 1492 καὶ
664 1426 926 1535 ψευδοκίιγτείας
954 1423 1009 1492 καί
1063 1427 1160 1512 τείας,
1185 1427 1448 1517 ψευδεγγραφῆς,

293 1436 499 1606 divisiones
521 1514 577 1583 καί
599 1515 767 1601 ἀγραφίου
783 1536 839 1581 και
849 1519 1009 1604 μοιχείας.
1062 1514 1276 1602 βουλεύσεως,
1301 1512 1477 1606 ἀγραφίου,
1501 1516 1664 1598 μοιχείας.
1694 1511 1781 1581 είσά-

293 1602 483 1692 είσάγουσιν
506 1605 542 1673 al
566 1603 701 1680 καὶτὰς
725 1606 920 1690 δοκιμασίας
941 1615 1011 1679 ταῖς
1064 1628 1160 1690 γουσι
1187 1604 1223 1671 δὲ
1253 1604 1309 1671 καί
1336 1606 1534 1689 δοκιμασίαν
1557 1613 1628 1678 ταῖς
1655 1600 1781 1690 α’ρχαίς,

294 1692 410 1785 άρχαίς
442 1689 585 1771 άπάσαις
614 1691 670 1762 καί
701 1693 780 1769 τοῦς
814 1693 1009 1786 άπεψηφισ-
1389 1693 1445 1762 καί
1475 1693 1553 1769 τοὺς
1586 1691 1782 1784 άπεψιγφισ.

294 1791 417 1876 μένους
432 1780 501 1855 ὕπὸ
524 1788 591 1853 τοῖν
606 1786 760 1875 δημοτῶν
776 1784 830 1853 καὶ
845 1785 902 1864 τὰς
919 1808 1012 1851 κατα·
1064 1788 1196 1868 μένους,
1567 1782 1620 1851 καὶ
1655 1783 1713 1861 τὰς
1746 1783 1784 1850 ἔκ

296 1870 432 1963 γνάσεις
454 1875 511 1953 τὰς
533 1874 572 1941 ἔκ
594 1874 653 1962 τῆς
673 1875 803 1962 βουλῆς,
842 1873 1012 1958 εἰσάγουσι
1065 1877 1124 1964 τῆς
1145 1877 1269 1964 βουλῆς
1292 1874 1518 1957 καταγνώσεις,

296 1963 332 2034 dl
356 1963 409 2033 καί
431 1966 524 2039 δίκας
546 1962 639 2050 ίδίας,
663 1963 848 2052 ἐμπορικὰς
876 1964 930 2032 καὶ
955 1986 1011 2047 με.
1134 1962 1188 2030 καί
1203 1965 1295 2042 δίκας
1311 1963 1493 2052 ἐμπορικὰς
1508 1961 1563 2030 καί
1578 1963 1783 2054 μεταλλικάς,

296 2055 450 2131 ταίίικδς
472 2053 527 2122 καί
549 2054 690 2144 δοίλων,
713 2052 755 2120 ἄν
778 2079 826 2129 τις
848 2055 908 2121 τδν
925 2054 1013 2122 ἐλαί·
1067 2053 1122 2120 καί
1156 2052 1215 2119 ἐὰν
1249 2055 1370 2129 δοῦλος
1402 2058 1509 2130 κακῶς
1545 2050 1690 2142 άγορεάρ
1724 2053 1785 2119 τδν

297 2150 403 2233 depos
438 2146 543 2218 κακαῖς
576 2143 663 2232 λέγῃ,
710 2143 765 2211 καί
795 2144 1014 2232 ἔπικληροιῑσι
1067 2141 1260 2230 ἐλεύθερον,
1562 2141 1617 2209 καί
1639 2153 1711 2220 ταῖς
1730 2141 1784 2229 άρ·

297 2245 368 2311 ταῖς
401 2232 515 2319 ἀρχαῖς
551 2219 645 2301 οὗτοι
679 2233 718 2301 τά
752 2236 946 2321 δικαστήρια
975 2234 1014 2300 τά
1068 2243 1141 2316 χαῖς
1164 2233 1382 2322 ἐπικληροίσι
1398 2233 1436 2299 τὰ
1451 2232 1647 2322 δικαστήρια
1662 2232 1700 2298 τὰ
1717 2231 1785 2299 Ιι’δια

296 2324 366 2394 ίδια
393 2323 451 2391 καί
472 2322 511 2389 τὰ
541 2322 696 2412 δημόσια,
709 2321 747 2413 ¹¹)
793 2322 909 2389 καὶτὰ
934 2323 1012 2405 οιῐμ.
1070 2322 1179 2390 καὶτὰ
1204 2324 1358 2414 δημόσια,
1564 2320 1680 2388 καὶτὰ
1706 2323 1786 2405 σάμ-

300 2413 433 2502 βολαιδ
457 2412 609 2497 πρόςτὰς
625 2401 1012 2500 πόλειςόάτοικυροίσι,
1067 2415 1149 2499 dolo
1173 2412 1211 2477 τὰ
1235 2412 1320 2499 πρὸς
1341 2412 1398 2488 τὰς
1422 2412 1536 2490 πόλεις
1559 2416 1707 2495 κυροῦσι,
1733 2411 1786 2478 καὶ

299 2502 353 2572 καί
387 2503 445 2582 τὰς
477 2505 568 2576 δίκας
602 2502 659 2578 τὰς
688 2502 756 2570 α’πδ
790 2505 856 2569 τῶν
894 2502 1014 2587 ουμβό-
1068 2504 1161 2580 δίκας
1175 2501 1232 2577 τὰς
1246 2500 1313 2569 α’πὸ
1338 2502 1511 2588 συμβόλων
1535 2500 1715 2592 εἰσάγουσι,
1731 2500 1785 2569 καί

298 2590 367 2663 λον
380 2592 559 2678 εἰσάγουσι,
573 2590 679 2658 καὶτὰ
692 2591 1016 2682 “)ψευδομαρτίιρια
1070 2592 1127 2667 τὰς
1170 2595 1236 2657 ταῖν
1288 2592 1591 2680 ψευδομαρτυριῶν
1642 2597 1708 2658 τῶν
1753 2592 1786 2671 ἐξ

299 2685 340 2751 τά
362 2683 398 2761 δξ
419 2679 540 2767 Ἀρείου
563 2681 682 2765 πάγου.
1070 2681 1191 2772 Ἀρείου
1214 2681 1332 2764 πάγου,

405 2796 470 2864 His
495 2796 682 2881 adiungam,
712 2817 797 2882 quae
820 2796 948 2880 Pollux,
979 2819 1052 2863 oum
1074 2798 1108 2863 in
1137 2799 1246 2881 prlore
1270 2796 1376 2863 octavi
1399 2796 1475 2863 libri
1502 2802 1598 2880 parte
1621 2796 1662 2862 de
1686 2796 1786 2862 actio*

301 2887 398 2956 nibus
420 2887 556 2972 privatis
580 2895 615 2954 et
635 2887 776 2971 publicis
799 2886 968 2968 scriberet,
993 2908 1033 2953 ex
1055 2884 1238 2954 Aristotele
1260 2887 1294 2952 in
1319 2887 1543 2953 onomasticon
1565 2886 1698 2970 recepit

528 2990 667 3062 Amat.
690 2993 745 3061 53.
769 2995 800 3061 3.
1287 2995 1372 3061 Poll.
1396 2992 1498 3063 VIII.
1522 2986 1577 3060 48.

301 3135 344 3153 ,,
371 3133 379 3150 .
404 3131 412 3151 .
442 3075 631 3160 εἰσάγουσιν
660 3075 707 3152 είς
735 3075 772 3139 τὸ
796 3075 1018 3187 δικαστήριον,
1074 3074 1223 3164 εἰσήγετο
1253 3075 1289 3142 δὲ
1319 3076 1356 3141 τὰ
1387 3075 1450 3159 μὲν
1478 3075 1573 3148 ἐντὸς
1601 3072 1715 3156 χιλίων
1745 3073 1792 3148 είς

302 3166 344 3233 τά
365 3165 429 3251 μίν
453 3165 547 3241 dordr
575 3166 688 3245 χιλίων
712 3162 760 3238 είς
787 3165 848 3232 δυσ
876 3188 930 3231 και
953 3166 1019 3231 δια.
1073 3165 1135 3232 tiva
1160 3164 1215 3232 καὶ
1237 3167 1436 3245 διακοσίους,
1462 3164 1499 3229 τὰ
1523 3163 1559 3230 δὲ
1577 3160 1662 3251 ὑπὲρ
1686 3163 1793 3246 χιλίας

302 3258 448 3339 κοσίους,
477 3253 516 3320 τὰ
539 3251 654 3341 δ’ίπὲρ
682 3255 789 3336 χιλίας
812 3253 859 3329 είς
882 3255 941 3323 ἕνα
965 3254 1020 3322 καὶ
1074 3254 1121 3332 εἰς
1145 3256 1205 3323 ἕνα
1230 3254 1283 3322 καί
1306 3259 1547 3343 τετρακοσίους.

302 3347 547 3433 τετρακοσίους.

408 3459 568 3529 Videmus
583 3458 683 3542 igitur
693 3459 863 3528 Pollucem
880 3467 949 3526 tam
965 3482 1076 3544 presse
1092 3461 1134 3526 ad
1148 3459 1340 3527 Aristotelis
1357 3460 1539 3545 exemplum
1551 3481 1586 3527 se
1599 3460 1791 3544 applicasse,

303 3554 341 3616 ut
368 3544 469 3615 verba
503 3549 572 3615 eius
601 3550 845 3617 accuratissime
875 3551 1079 3633 exprimeret,
1115 3550 1178 3617 nisi
1205 3550 1293 3633 quod
1326 3550 1471 3633 singulas
1500 3571 1596 3617 roceo
1622 3549 1792 3635 paululum

304 3639 444 3706 detorsit
466 3638 517 3704 rel
539 3637 613 3704 aliis
635 3639 779 3706 reddidit
801 3640 854 3706 rel
878 3640 1007 3706 omnino
1031 3641 1259 3723 praetermisit.

411 3726 632 3811 Sequentilms
654 3723 738 3795 locis
761 3749 962 3812 quamquam
991 3728 1127 3794 eandem
1158 3728 1331 3812 diligenter
1354 3728 1611 3815 trunlscribcndi
1633 3728 1793 3796 rationem

304 3815 466 3896 adhibuit,
487 3821 598 3883 tamen
621 3834 687 3884 non
702 3821 809 3884 totam
831 3817 975 3884 auctoris
991 3817 1242 3901 explicationem
1264 3819 1298 3883 in
1321 3839 1415 3884 usum
1433 3839 1527 3885 suum
1543 3818 1712 3898 convertit,
1736 3816 1793 3884 sed

305 3906 445 3973 alteram
469 3905 537 3971 eius
560 3910 687 3989 partem
713 3907 915 3987 eumfacit,
940 3904 1085 3988 neglexit
1108 3906 1259 3973 alteram:

530 4010 670 4079 Aristot.
694 4014 748 4080 53.
776 4016 805 4081 1.
1285 4014 1371 4081 Poll.
1396 4013 1488 4084 VIII
1514 4015 1586 4081 100.

306 4095 466 4184 κληροῦσι
499 4093 535 4160 δὲ
572 4094 627 4160 καί
661 4094 738 4170 τοῦς
772 4093 1022 4180 τετταράκοντα,
1080 4097 1115 4162 οἱ
1135 4096 1171 4162 δὲ
1195 4095 1435 4183 τετταράκοντα

410 4325 441 4396 ¹⁰)
459 4328 556 4386 Verba
574 4333 786 4399 ιίσαγγίίίουσικ
803 4336 839 4393 εἰς
858 4331 906 4384 τάν
925 4331 1009 4397 δῆμον
1026 4329 1212 4387 Wllamowllz
1241 4332 1269 4395 (l.
1288 4333 1305 4387 l.
1334 4333 1348 4388 I
1369 4333 1423 4389 244
1450 4348 1515 4388 ann.
1545 4328 1608 4396 117)
1637 4335 1668 4386 et
1695 4330 1797 4386 Κεάδα]

306 4396 418 4470 (ilp-
436 4398 490 4455 146
510 4400 561 4472 sq.)
589 4406 621 4457 ut
640 4401 735 4472 spun'a
752 4400 790 4458 ab
808 4402 962 4458 Aristotele
979 4400 1219 4467 abindioaverunt,
1246 4419 1308 4459 cum
1327 4408 1489 4473 κιοαγγιίῐας
1512 4402 1742 4459 athesmothetls
1768 4403 1797 4457 in

306 4468 436 4528 iudicium
453 4468 591 4530 neonem
609 4489 671 4529 esse
690 4478 798 4544 putent
835 4474 972 4544 Equidem
990 4475 1084 4543 lipsio
1102 4473 1129 4543 (l.
1150 4477 1167 4534 l.
1187 4491 1214 4544 p.
1233 4476 1279 4544 48)
1297 4478 1444 4543 assentior,
1456 4477 1503 4545 qui
1522 4475 1684 4531 Aristotelis
1703 4473 1797 4530 libello

307 4540 420 4615 cognito
438 4559 482 4614 am
503 4542 555 4600 lius
574 4543 758 4602 dubitandum
776 4563 839 4604 esse
857 4551 952 4617 negat,
978 4548 1045 4616 quin
1064 4546 1268 4604 thesmothetao
1293 4547 1346 4604 hoo
1369 4564 1458 4618 genus
1482 4561 1582 4603 causas
1611 4545 1648 4601 ad
1666 4546 1798 4616 populum

307 4630 419 4687 qnoque
437 4614 473 4672 de
485 4631 547 4673 erre
565 4619 716 4686 potuerint

324 4757 340 4815 f
362 4756 395 4816 Li
410 4685 444 4774 ¹¹)
461 4691 626 4814 ιειιοοιτονίας
637 4687 690 4747 hoc
702 4691 763 4748 loco
773 4691 846 4748 idem
859 4694 904 4746 est
913 4706 946 4746 ao
959 4694 1194 4763 καταχειροτονίας
1203 4692 1455 4763 neglegentiaeque
1466 4691 1586 4748 Pollucis
1598 4689 1798 4759 imputandum.

308 4775 343 4815 θ’
396 4761 740 4900 p”lud’odudpdd8dtrulae
768 4835 992 4906 explanationem
1019 4833 1057 4891 ab
1075 4834 1229 4891 Aristotele
1257 4835 1396 4904 prolatam
1418 4836 1518 4903 omisit,
1547 4848 1714 4904 quamquam
1738 4848 1800 4888 eam

308 4918 365 4960 non
383 4902 541 4974 ignorabat.
570 4902 604 4959 of.
623 4855 639 4968 ξ
658 4906 694 4959 44
713 4911 867 4975 despuentur
886 4911 922 4972 δι’,
940 4913 1018 4969 εἴτις
1038 4910 1122 4968 ξενίας
1140 4908 1291 4976 κρινόμενος
1310 4909 1381 4975 δῶρα
1401 4911 1464 4969 dasle
1483 4908 1629 4978 άποφίιγοι.
1718 4928 1723 4943 1

412 4974 558 5044 ''lverba
577 4981 621 5031 κα1
640 4979 859 5048 ἐκπληροῦσι-τὰ
878 4981 993 5049 δημόσια
1011 4979 1197 5035 Wilamowitu
1216 4979 1243 5047 (l.
1264 4980 1281 5034 l.
1298 4979 1379 5036 1243
1391 4995 1456 5036 ann.
1468 4978 1531 5047 115)
1550 4978 1720 5035 secludenda
1738 4993 1800 5034 esee

310 5047 472 5119 arbltratur,
503 5049 577 5118 quis,
604 5064 677 5118 quae
705 5065 791 5119 supra
813 5050 874 5118 (51
900 5058 990 5106 luceru
1008 5049 1057 5106 soi
1076 5050 1305 5119 δοῖκαιγριῖικται)
1333 5051 1410 5107 diets
1434 5053 1499 5120 slot,
1521 5055 1660 5123 repetant.
1702 5051 1800 5106 Pollux

310 5119 675 5260 γείνεαιίρορὰρῖἓὲίεέίιιρο
697 5120 856 5248 ιιρκίριδουειο
874 5123 902 5178 in
920 5122 1020 5181 librum
1038 5138 1119 5179 suum
1134 5123 1268 5181 indidisse
1286 5123 1357 5180 satis
1373 5122 1506 5180 habebat
