4326 5806
416 1086 550 1226 Quae
582 1087 717 1188 ratio
749 1085 1034 1186 intercedat
1065 1083 1203 1182 inter
1233 1078 1268 1180 J
1270 1074 1362 1179 ulii
1391 1070 1616 1180 Pollucis

272 1228 612 1334 onomasticon
628 1232 682 1332 et
697 1228 991 1330 Aristotelis
1009 1228 1071 1327 de
1088 1222 1369 1348 Republica
1384 1220 1762 1322 Atheniensium

707 1366 831 1472 libri
860 1372 1060 1494 partem
1093 1367 1326 1486 alteram,

885 1555 1150 1641 investigatur

1009 1703 1029 1747 a

779 1804 1008 1877 Reinhcldc
1035 1802 1258 1877 Michaelis.

381 2001 493 2097 Julin
528 2024 658 2110 Pollux,
693 2027 843 2114 sophista
879 2024 936 2096 ilie
971 2022 1181 2108 Naucratita,
1220 2027 1445 2096 onomasticon
1479 2027 1623 2094 condem
1646 2009 1770 2092 variam

278 2123 312 2188 et
333 2114 548 2205 multiplicem
570 2118 754 2186 doctrinam
776 2118 921 2202 undique
945 2119 1109 2202 congessit
1143 2123 1178 2185 et
1211 2118 1430 2186 coacervavit:
1466 2117 1556 2201 quod
1586 2137 1668 2198 opus
1696 2136 1769 2182 cum

279 2208 384 2278 multe
405 2208 583 2291 contineat,
620 2230 704 2292 quae
727 2208 858 2274 aliunde
882 2212 961 2274 nota
984 2229 1049 2275 uon
1073 2208 1147 2286 sint,
1178 2208 1222 2275 ad
1249 2208 1406 2292 plurimas
1429 2206 1637 2290 antiquitatis
1658 2209 1770 2289 partes

279 2298 467 2366 accuratius
501 2296 742 2382 pemoscendas
776 2297 985 2365 utilissimum
1024 2319 1095 2364 esse
1123 2303 1223 2380 atque
1252 2297 1472 2365 necessarium
1501 2315 1597 2363 nemo
1629 2295 1769 2378 ignorat.

281 2384 490 2473 Quamquam
524 2408 601 2455 rero
634 2387 669 2453 in
703 2386 826 2454 talibus
861 2386 1108 2454 collectionibus
1133 2388 1242 2471 magni
1263 2388 1401 2454 interest
1423 2386 1616 2471 perspicere,
1652 2383 1771 2468 quibus

281 2476 426 2546 fontibus
449 2476 591 2560 scriptor
613 2498 692 2543 usus
716 2477 759 2543 sit
788 2481 823 2543 et
856 2476 1132 2561 quemadmodum
1165 2477 1286 2544 somnia
1319 2483 1465 2544 veterum
1498 2479 1532 2543 et
1553 2474 1772 2542 recentiorum

283 2566 518 2652 compilaverit,
552 2571 591 2632 ut
619 2565 755 2650 siugulis
782 2564 859 2633 libri
885 2566 1035 2651 partibus
1069 2566 1114 2633 ad
1139 2566 1313 2651 primarios
1345 2566 1452 2633 fontes
1480 2565 1625 2633 redactis
1653 2579 1772 2646 cogno·

284 2662 405 2738 scatur,
431 2655 509 2740 quid
532 2654 657 2722 distent
684 2677 762 2723 aera
783 2654 915 2739 lupinis,
944 2659 1054 2723 tamen
1083 2662 1196 2723 vastus
1218 2655 1275 2722 ille
1299 2676 1433 2739 campus
1457 2655 1514 2722 cliu
1535 2653 1679 2722 incultus
1702 2656 1775 2720 erat

284 2751 318 2813 et
341 2766 474 2812 uacuus.
497 2742 618 2812 Altera
634 2744 765 2813 demum
780 2744 905 2813 saeculi
919 2745 1097 2830 superioris
1119 2752 1214 2829 parte
1238 2745 1423 2828 disquisitio
1446 2744 1585 2811 fontium
1607 2743 1774 2827 copiarum

283 2832 515 2903 Pollnoearum
550 2855 648 2918 saepe
672 2835 887 2921 egregiarum
920 2834 1076 2901 inchoata
1110 2840 1170 2902 est.
1228 2832 1282 2900 Aa
1316 2840 1404 2902 certe
1428 2856 1494 2901 non
1517 2839 1568 2901 sat
1589 2832 1775 2900 mirandum

283 2924 390 2993 fontes
414 2944 526 2991 eorum
550 2923 744 2991 onomastici
758 2924 915 3006 locorum
940 2923 1058 3008 quibus
1074 2924 1315 3008 grammaticus,
1341 2924 1430 3008 quod
1444 2923 1637 3008 plerumque
1651 2921 1775 2989 factum

284 3020 345 3097 est,
381 3013 459 3080 exili
481 3012 639 3097 aridaque
673 3034 789 3080 rocam
816 3033 993 3097 eurumque
1027 3034 1278 3097 synonymorum
1311 3013 1555 3080 enumeratione
1588 3012 1641 3079 rel
1674 3010 1774 3094 expli·

287 3104 416 3171 catione
440 3107 613 3168 contentus
637 3101 709 3186 fuit,
739 3102 849 3186 detegi
871 3102 1000 3169 vixdum
1023 3108 1158 3187 coeptos
1182 3124 1263 3185 esse,
1288 3123 1362 3169 cum
1385 3103 1534 3187 quaestio
1557 3101 1669 3169 multis
1692 3097 1775 3166 diffi-

289 3190 466 3260 cultatibus
489 3189 645 3259 intricata
667 3213 773 3277 neque
795 3192 844 3259 ita
865 3192 1009 3258 iucunda
1031 3192 1083 3259 sit.
1141 3189 1268 3260 Contra
1291 3213 1405 3259 eorum
1433 3191 1622 3259 auctoribus
1644 3188 1776 3256 incesti·

287 3281 413 3366 gandia,
438 3300 522 3364 quae
545 3281 672 3365 plenius
695 3286 842 3348 tractata
864 3302 928 3348 uno
950 3286 989 3348 ut
1011 3282 1059 3348 ita
1074 3282 1181 3348 dicam
1204 3287 1319 3349 tenere
1342 3304 1382 3350 ex
1406 3280 1479 3348 aliis
1503 3280 1671 3366 descripte
1691 3283 1776 3358 sunt,

287 3369 347 3437 riri
369 3369 459 3436 docti
481 3368 569 3436 haud
591 3369 713 3438 infelici
735 3391 889 3439 successu
912 3392 1046 3456 operam
1068 3372 1238 3439 dederunt.
1246 3363 1269 3452 ¹)

390 3577 412 3638 ¹)
431 3578 578 3635 manutius
595 3580 692 3650 Haupt
709 3577 837 3648 (Hermes
854 3581 897 3638 111
916 3580 970 3637 sm
992 3582 1065 3653 sqq.)
1092 3585 1241 3652 postquam
1264 3582 1312 3637 alii
1336 3581 1437 3638 ieviter
1464 3595 1522 3636 rem
1551 3580 1707 3650 negemus
1733 3576 1779 3645 (ei.

289 3650 423 3709 Altheae:
442 3648 642 3716 Quaestionum
661 3648 696 3709 de
714 3652 783 3709 Jalii
801 3652 921 3709 Pollucis
945 3651 1070 3711 ionfibas
1087 3657 1235 3726 specimen.
1272 3654 1395 3711 Berolini
1414 3654 1493 3709 1874.
1512 3668 1538 3722 p.
1558 3650 1612 3720 ab),
1640 3651 1779 3708 Pollucem

288 3725 318 3780 in
335 3720 526 3795 componendo
546 3722 667 3781 secundo
686 3723 851 3781 onomastici
869 3723 941 3781 libro
959 3725 1024 3782 inde
1043 3742 1061 3782 a
1079 3728 1096 3789 i
1112 3725 1148 3782 22
1167 3740 1255 3796 usqne
1268 3726 1306 3782 ad
1319 3727 1406 3790 ease,
1419 3724 1467 3782 ubi
1479 3724 1515 3781 cle
1528 3722 1657 3794 partibus
1668 3722 1781 3780 humani

290 3796 414 3866 corporis
431 3793 566 3866 disputet,
584 3790 648 3853 nat
665 3794 787 3866 Ephesii,
805 3794 920 3852 Traiani
938 3798 1070 3869 aequalis,
1088 3797 1219 3868 libellum,
1245 3799 1289 3854 cni
1307 3798 1406 3855 titulus
1423 3801 1468 3854 est
1486 3802 1544 3864 aspi
1564 3795 1712 3865 benecia<
1730 3794 1782 3850 eois

257 3870 264 3877 '
291 3868 340 3921 eoi
360 3865 510 3934 &episoc-
528 3871 637 3935 μορίων,
655 3869 744 3924 tedio
762 3872 877 3925 auctore
896 3870 925 3925 in
937 3884 1015 3925 aarum
1033 3884 1152 3926 vocasse
1169 3875 1227 3925 tam
1245 3870 1330 3926 certis
1348 3867 1541 3940 comprobarit
1557 3866 1731 3924 testimoniis.
1749 3871 1783 3923 ut

290 3936 326 3996 de
343 3937 397 3995 hae
411 3955 443 3995 re
464 3953 501 3995 ue
519 3940 618 3996 umbra
636 3939 748 4011 quidem
767 3941 890 4010 supersit
908 3941 1098 3998 dubitationis.
1137 3941 1216 4007 Quod
1235 3943 1272 3998 ad
1285 3942 1418 4011 subsidia,
1437 3941 1539 4010 quibus
1555 3944 1670 4010 praeter
1682 3938 1782 3996 Rufum

289 4026 357 4068 usuc
375 4005 420 4080 sit,
439 4011 550 4079 attinet,
564 4012 712 4068 liduardus
725 4012 851 4067 Zarnclre
864 4011 1026 4082 (symbolae
1040 4013 1076 4070 nd
1089 4014 1156 4070 Julii
1169 4014 1289 4071 Pollucis
1301 4019 1452 4071 tractatum
1465 4013 1501 4069 de
1538 4012 1646 4069 artibus
1659 4012 1784 4082 corporis

290 4082 411 4141 humani.
448 4083 482 4139 Li
502 4083 561 4139 siae
581 4085 651 4141 1884
688 4084 824 4154 peculiari
850 4084 981 4140 instituta
1008 4086 1173 4155 quaestione
1200 4087 1286 4142 etiam
1313 4085 1439 4143 mbnbm
1466 4101 1492 4141 m
1531 4084 1658 4141 'dealem
1684 4084 1784 4140 incerti

290 4099 618 4284 auetoricdegnitionec
644 4155 768 4213 medium
786 4160 816 4213 et
845 4155 924 4226 ipsas
954 4158 1055 4214 incerti
1074 4159 1205 4221 motoris,
1233 4158 1342 4216 leriam
1372 4158 1540 4214 rhetoricum
1567 4155 1694 4213 utilite
1720 4170 1783 4213 eece

310 4243 497 4356 θωὲινίἶιιο
515 4297 621 4369 Rhode,
640 4297 688 4369 qui
706 4298 760 4368 „de
779 4299 847 4357 Julii
860 4300 981 4356 Pollucis
997 4300 1026 4356 ia
1043 4306 1184 4372 apparatu
1202 4303 1330 4360 scaenico
1343 4301 1501 4359 enarrando
1513 4295 1656 4358 imtibne‘
1673 4300 1786 4428 corre

292 4369 414 4443 (lipsiae
421 4370 509 4440 1870),
521 4369 602 4428 laede
614 4371 787 4428 concesseris
798 4372 938 4429 Pollucem
950 4373 979 4428 in
991 4388 1084 4429 rerem
1096 4375 1285 4431 maeulcarnm
1298 4376 1477 4432 enarratione
1488 4372 1517 4440 d.
1530 4374 1572 4430 Ν
1585 4375 1600 4436 t
1612 4372 1713 4436 iri—l
1739 4370 1786 4441 dl)

292 4444 411 4513 plurima
421 4440 514 4500 lubae
526 4444 603 4514 regis
614 4442 816 4500 llaurusiorum
829 4446 958 4514 θεατρικῇ
972 4449 1080 4516 meopte
1093 4445 1205 4516 debere,
1218 4462 1384 4518 quamquam
1397 4459 1497 4503 nomen
1511 4446 1634 4502 auctoris
1644 4450 1785 4516 nunqum

292 4518 475 4642 memoratmlrlr
493 4518 546 4642 egi,
565 4531 727 4642 sygonymtz
740 4519 833 4571 summ
853 4515 993 4573 voeabula
1009 4534 1101 4574 rerum
1125 4518 1306 4591 descriptioni
1324 4519 1428 4590 passim
1443 4516 1613 4587 intermixta
1631 4532 1647 4574 e
1665 4524 1786 4588 cynomy-

294 4604 400 4644 morum
417 4602 450 4643 co
471 4602 504 4643 ec
527 4601 580 4644 one
618 4602 697 4644 eura
745 4601 817 4645 esse.

362 4730 369 4744 ι
394 4660 460 4728 Ipse
478 4663 546 4716 ante
564 4657 616 4747 hos
634 4659 735 4729 viginti
754 4660 875 4731 quinque
894 4676 984 4717 annos
1004 4661 1210 4731 dissemtione,
1230 4675 1302 4730 quae
1321 4661 1482 4719 inscribitur
1503 4661 1565 4734 „De
1581 4661 1649 4719 Julii
1666 4660 1787 4717 Pollucis

277 4727 395 4785 studiis
412 4728 651 4802 Xenophontem“,
671 4732 844 4802 argumentis
862 4729 1041 4790 confimusce
1058 4733 1125 4790 nihi
1143 4734 1241 4790 videor
1259 4733 1398 4791 Pollucem
1416 4736 1445 4791 iu
1467 4750 1503 4793 ea
1523 4738 1615 4807 purte.
1644 4746 1717 4803 quae
1743 4736 1788 4788 est

296 4798 331 4857 de
349 4816 380 4857 re
399 4802 522 4872 equestri
539 4799 564 4871 (l
582 4805 599 4866 i
620 4804 668 4860 181
680 4804 744 4865 -i
761 4802 834 4874 stoi,
851 4804 1046 4875 Xenophontis
1065 4811 1123 4875 περ)
1143 4803 1246 4875 ἱππικῆς
1269 4807 1529 4864 commentationem
1546 4806 1695 4876 expilasse,
1719 4805 1788 4861 item

206 4918 211 4928 ,
296 4887 357 4928 oum
376 4873 412 4930 de
431 4874 515 4932 rebus
533 4875 571 4932 ad
588 4880 677 4933 auem
696 4871 819 4932 uenandi
836 4877 1044 4947 pertinentibus
1063 4877 1221 4949 disputaret
1238 4877 1276 4944 (V
1293 4880 1309 4941 i
1328 4879 1417 4943 l-t
1433 4877 1481 4948 85)
1497 4878 1586 4936 multa
1605 4891 1642 4934 ex
1664 4876 1788 4933 eiusdem

296 4943 442 5019 scriptoris
471 4946 642 5020 cynegetico
670 4948 700 5003 in
725 4945 855 5005 homeum
884 4965 962 5004 suum
990 4951 1217 5019 comportarisse
1264 4951 1417 5008 Praeterea
1443 4951 1567 5009 libellum
1588 4949 1683 5006 mio
1711 4949 1790 5004 euius

290 5016 421 5073 auctoris
439 5016 637 5090 Xenophontei
656 5019 772 5077 dmssem
789 5018 834 5077 hic
853 5020 1001 5091 consuluit,
1020 5019 1092 5078 adiit
1108 5021 1164 5078 illic
1182 5020 1321 5079 Simonem
1333 5021 1542 5093 Atheniensem,
1554 5037 1638 5094 quem
1655 5021 1711 5077 im
1722 5024 1790 5076 aute

298 5086 514 5160 Xenophontem
541 5089 577 5150 de
606 5091 705 5149 eadem
731 5092 851 5149 materia
878 5097 1093 5150 commentatum
1118 5109 1180 5151 esse
1197 5094 1261 5164 ipsa
1277 5093 1359 5152 huius
1376 5095 1521 5166 scriptoris
1538 5093 1628 5152 rerba
1644 5092 1722 5164 liliq
1741 5093 1756 5150 l
1775 5096 1790 5148 1

296 5160 423 5293 'dnm
436 5161 562 5235 Utroque
581 5168 674 5221 autem
693 5164 755 5221 loco
773 5162 882 5222 lexicon
901 5162 1042 5236 quoddam
1059 5164 1228 5223 rhetoricum
1247 5165 1273 5224 ei
1290 5168 1328 5226 ad
1346 5181 1458 5224 manum
1476 5166 1562 5225 baisse
1579 5178 1637 5224 neu
1654 5168 1700 5222 cst
1716 5165 1792 5236 quod

1580 5324 1614 5384 10
