4358 5820
1034 346 1053 411 5

939 433 1152 446 —n———·

298 561 528 653 buerit,⁸)ipse
540 569 627 650 seu,
638 568 655 642 l
668 566 720 632 his
731 565 839 632 verbis
850 565 989 634 indicat:
1013 563 1070 638 τὰς
1081 560 1213 650 δάρχδς
1224 559 1280 634 τὰς
1292 557 1368 648 περὶ
1379 558 1620 646 τηνδχκῦκλιον
1627 561 1793 649 διοίκησιν

301 657 431 735 ἁπάσας
453 654 592 724 ποιοῦσι
615 654 785 744 κληρωτὰς
808 653 895 740 πλὴν
919 658 1037 738 ταμίου
1061 653 1301 741 στρατιωτικῶν
1324 648 1380 717 καὶ
1403 653 1468 715 ταῖν
1492 647 1549 715 ἐπὶ
1570 649 1607 715 τὸ
1627 649 1791 735 θεωρικὸν

302 747 442 816 καὶτοῦ
464 750 530 813 ταῖν
554 749 686 835 κρηνῶν
710 745 924 858 δπιμελητοῦ.
956 745 1075 820 ταῦτας
1090 745 1352 829 χειροτονοῦσιν,
1377 737 1432 805 καὶ
1447 741 1484 806 ot
1496 743 1793 828 χειροτονηθέντες

302 837 464 926 ἄρχουσιν
488 837 526 902 ἐκ
548 836 799 925 Παναθηναίων
822 856 870 908 εις
889 833 1123 924 Παναθήναια,
1169 834 1401 918 χειροτονοῦσι
1424 829 1460 895 δὲ
1484 827 1539 896 καὶ
1561 830 1619 904 τὰς
1633 828 1718 914 πρὸς
1731 826 1792 894 τὸν

303 934 452 1017 πόλεμον
475 929 613 1006 ἁπάσας.
660 934 733 999 Iam
758 953 831 998 cum
855 953 882 998 c.
906 933 999 1016 43,2
1033 960 1078 972 -
1112 951 1140 997 c.
1163 930 1208 996 59
1231 924 1394 1017 κληρωτοὶ
1417 923 1480 994 ἐπ’
1505 925 1668 995 ἐνιαυτόν,
1693 946 1721 992 c.
1746 927 1791 993 60

306 1027 466 1120 κληρωτοὶ
489 1028 527 1094 ἐκ
550 1030 802 1117 Παναθηναίων
831 1026 878 1102 εἰς
901 1027 1136 1114 Παναθήναια,
1171 1047 1199 1094 c.
1223 1027 1265 1093 61
1300 1020 1531 1113 χειροτονητοὶ
1559 1022 1610 1088 ἐπ’
1637 1022 1792 1090 ἐνιαυτὸν

301 1130 567 1213 perceneecntur,
602 1123 860 1212 χειροτονηιοῦς
887 1122 924 1188 ἐκ
947 1127 1198 1212 Παναθηναίων
1233 1119 1279 1195 εἰς
1302 1119 1534 1210 Παναθήναια,
1569 1142 1651 1205 qnos
1679 1123 1795 1187 auctor

302 1230 448 1292 tractare
470 1245 536 1290 non
559 1222 665 1290 solum
686 1221 721 1286 in
744 1223 852 1287 animo
874 1220 1029 1300 habebat,
1054 1222 1111 1288 sed
1134 1221 1244 1300 etiam,
1267 1224 1306 1284 ut
1328 1215 1382 1284 καὶ
1404 1222 1481 1303 post
1501 1220 1735 1306 χειροτονοῦσι
1757 1215 1793 1281 δὲ

302 1343 330 1388 c.
343 1321 382 1388 61
404 1320 548 1405 positum
571 1318 731 1400 declarat,
743 1316 767 1396 ⁸)
786 1340 900 1384 revera
922 1320 1088 1398 tractavit,
1106 1319 1138 1384 in
1152 1315 1346 1396 Aristotele,
1363 1315 1493 1400 qualem
1516 1337 1603 1383 nunc
1624 1314 1793 1395 habemus,

302 1408 538 1477 desideramus.
563 1403 1794 1493 QnaequidemmateriaedispositioquomodoPollucemdeceperit')exeis

303 1504 453 1586 apparet,
480 1517 566 1582 quus
589 1497 630 1563 de
653 1496 842 1564 muneribus
864 1520 980 1564 novem
1004 1497 1199 1565 archontum
1222 1487 1242 1577 ἕ
1265 1497 1310 1564 86
1333 1501 1367 1561 et
1390 1486 1409 1576 ξ
1434 1496 1475 1562 87
1500 1495 1593 1560 dicit:
1620 1490 1673 1558 καὶ
1697 1493 1795 1580 κοινῇ

305 1585 369 1671 μλν
392 1587 529 1667 ἔχουσιν
559 1583 711 1663 ἐξουσίαν
740 1585 901 1664 θανάτου,
938 1586 997 1651 ἐάν
1024 1609 1072 1660 τις
1095 1589 1198 1675 κονίη,
1233 1583 1315 1652 ὅποι
1341 1584 1388 1673 μὴ
1417 1585 1545 1664 ἔξεστι,
1569 1581 1623 1649 καὶ
1646 1584 1794 1672 κληροῦν

302 1674 459 1750 δικαστὰς
481 1671 537 1740 καὶ
558 1673 755 1763 ἀθλοθέτας,
778 1673 839 1741 θνα
861 1675 943 1741 κατὰ
971 1677 1082 1763 φυλὴν
1105 1675 1257 1764 ἑκάστην,
1289 1671 1343 1742 καὶ
1366 1671 1565 1762 στρατηγοὺς
1587 1680 1795 1758 χειροτονεῖν

304 1764 340 1844 ἐξ
355 1761 522 1848 ἁπάντων,
538 1761 590 1830 καὶ
606 1762 680 1828 καθ’
698 1764 840 1854 ἑκάστην
852 1769 1053 1851 πρυτανείαν
1070 1765 1239 1849 ἐπερωτᾶν
1256 1763 1286 1830 εἰ
1301 1766 1395 1831 δοκεῖ
1408 1765 1514 1838 καλῶς
1529 1760 1653 1846 ἄρχειν,
1660 1762 1797 1836 ἕκαστος

306 1853 380 1944 (τὸν
415 1852 796 1942 δ’άποχειροτονηθέντα
820 1855 1018 1945 κρίνουσιν),
1052 1853 1108 1921 καὶ
1130 1855 1318 1941 ἱππάρχους
1341 1854 1402 1920 δύο
1427 1850 1482 1918 καὶ
1505 1851 1696 1938 φυλάρχους
1717 1852 1796 1921 δέκα

309 1947 363 2016 καὶ
379 1949 582 2036 ταξιάρχους
603 1950 692 2015 δέκα.
739 1951 792 2017 En
822 1952 922 2032 vides,
960 1974 1059 2036 quum
1091 1974 1166 2020 rere
1189 1952 1310 2019 Pollux
1333 1953 1367 2017 in
1396 1950 1536 2035 epistola
1570 1956 1687 2017 octavo
1710 1948 1795 2016 libro

305 2047 487 2132 praemissa
509 2046 663 2114 celeriter
686 2068 721 2113 ee
744 2047 827 2115 haec
850 2049 1021 2132 collegisse
1038 2041 1246 2134 scripserit.⁸)
1276 2048 1365 2115 Nam
1381 2069 1454 2114 cum
1477 2048 1565 2130 apud
1581 2044 1797 2113 Aristotelem

306 2158 332 2203 c.
355 2137 445 2204 59.”ί
469 2136 606 2219 legisset
629 2136 803 2203 archontes
831 2159 946 2205 norem
974 2138 1118 2223 indicum
1145 2139 1391 2205 heliasticorum
1418 2137 1582 2203 sortitioni
1604 2134 1795 2220 praefuisse,

306 2247 371 2312 qna
400 2231 474 2293 erat
503 2225 711 2309 neglegentia
744 2227 796 2293 vel
829 2228 939 2308 potius
963 2235 1096 2312 stupore
1121 2229 1163 2295 ab
1193 2229 1260 2295 illis
1283 2229 1384 2295 etiam
1405 2224 1595 2301 α’θλοθέτας
1628 2224 1670 2301 (c.
1694 2216 1796 2299 60.1)

307 2325 397 2390 sorte
420 2322 548 2403 ductos,
572 2319 783 2407 στρατηγούς,
808 2323 1012 2411 ταξιάρχους,
1036 2321 1235 2407 ἱππάρχους,
1260 2321 1452 2406 φυλάρχους
1481 2319 1525 2402 (c.
1549 2313 1606 2401 61)
1638 2319 1796 2405 porrectis

305 2415 458 2485 manibus
482 2425 614 2485 creatos
642 2438 714 2484 esse
737 2417 917 2484 arbitratus
952 2441 1029 2485 vera
1051 2420 1183 2485 miscuit
1205 2441 1279 2486 cum
1313 2419 1415 2485 falsis.
1461 2418 1580 2485 Eidem
1607 2418 1710 2483 errori
1740 2416 1796 2483 ob·

306 2509 421 2574 noxius
433 2506 536 2574 verba
547 2506 772 2574 Aristotelisc
796 2508 849 2574 61.
863 2510 883 2573 2
897 2505 1143 2591 ἐπιχειροτονία
1158 2507 1299 2573 δαδτῦυ
1322 2507 1391 2573 ἐστι
1415 2507 1495 2572 κατὰ
1519 2506 1579 2594 τὴν
1595 2507 1797 2589 πρυτανείαν

306 2593 457 2678 ἑκάστην,
472 2592 502 2661 εἰ
516 2597 676 2662 δοκοῦσιν
700 2597 805 2669 καλοῖς
820 2593 951 2678 ἄρχειν·
977 2595 1038 2661 κάν
1061 2621 1136 2664 τινα
1158 2596 1505 2684 α’ποχειροτονησωσιν
1519 2599 1691 2683 κρίνουσιν
1704 2595 1740 2660 ἐν
1753 2596 1797 2676 τῷ

307 2691 505 2781 δικαστηρίῳ
528 2693 593 2759 hnc
607 2692 774 2776 pertinere
790 2693 928 2776 putarit.
960 2690 1059 2778 Quod
1082 2700 1193 2761 autem
1214 2696 1265 2762 ius
1288 2694 1440 2779 supplicii
1461 2695 1495 2760 in
1519 2715 1585 2777 eos,
1610 2694 1666 2777 qni
1683 2692 1797 2758 exsilio

306 2788 438 2855 multati
465 2788 651 2870 rediissent,
687 2810 760 2855 cum
788 2789 838 2855 ias
863 2791 908 2856 eis
936 2812 1001 2856 non
1024 2797 1120 2873 esset,
1154 2793 1273 2859 Pollux
1300 2815 1413 2859 novem
1437 2790 1650 2858 archontibus
1672 2789 1798 2870 tribuit,

307 2899 381 2944 cunr
404 2899 462 2945 sex
484 2878 727 2945 thesmuthetae
750 2884 879 2945 tantum
902 2873 1106 2962 haberent,⁰)
1131 2882 1198 2948 alia
1220 2888 1353 2966 praeter
1373 2880 1590 2947 Aristotelem
1613 2881 1653 2946 de
1676 2879 1798 2946 hacre

308 2967 391 3033 nihil
413 2967 586 3035 docentem
609 2969 775 3053 praesidia
798 2971 828 3034 ei
851 2971 1045 3052 suppetiisse
1068 2977 1171 3056 patet.
1219 2972 1327 3056 Bursy
1349 2972 1371 3037 l.
1388 2970 1409 3036 l.
1428 2993 1462 3054 p.
1480 2972 1524 3037 80
1546 2969 1646 3036 verba
1668 2968 1727 3033 ἐάν
1750 2990 1798 3041 τις

308 3062 413 3150 κατίη,
445 3058 527 3127 δ’ποι
547 3059 595 3148 μὴ
620 3063 735 3152 ἔξεστι,
772 3087 856 3148 qnae
880 3067 979 3131 etiam
1001 3067 1034 3132 in
1065 3069 1335 3151 quinquagesima
1358 3067 1465 3134 octavi
1486 3067 1562 3134 libri
1589 3065 1797 3151 paragrapho

308 3158 396 3314 hibi}
409 3157 589 3314 εξηῖὶηηηητα
613 3165 753 3242 exstant,
776 3161 884 3227 lexico
906 3161 955 3227 illi
977 3162 1140 3229 rhetorico
1165 3166 1320 3247 originem
1344 3164 1464 3230 debere
1487 3162 1577 3229 haud
1598 3161 1797 3246 improbabi-

414 3336 490 3404 Hoc
512 3295 586 3403 loco
608 3337 707 3420 igitur
729 3339 850 3406 Pollux
879 3339 1077 3423 gravissimis
1106 3343 1224 3408 erratis
1247 3342 1433 3426 implicatus
1462 3349 1528 3422 est;
1564 3347 1600 3416 at
1627 3362 1676 3420 ea,
1712 3361 1797 3425 quae

311 3424 428 3493 deinde
451 3427 492 3493 (Ie
515 3427 745 3494 thesmuthetis
767 3426 834 3515 ἰδίᾳ
861 3434 1065 3512 enarrantur,
1090 3432 1211 3516 optime
1235 3453 1270 3498 se
1293 3432 1418 3499 habent
1439 3437 1473 3498 et
1495 3433 1673 3498 maximum
1697 3440 1796 3513 atque

308 3520 481 3589 mirificum
505 3543 579 3589 cum
601 3522 813 3593 Aristoteleis
841 3547 919 3610 prae
943 3548 978 3593 se
1006 3525 1116 3594 ferunt
1139 3551 1341 3596 consensum.
1387 3527 1482 3595 Iuvat
1504 3527 1674 3611 utriusque
1698 3528 1797 3611 scrip·

310 3610 393 3678 toris
415 3610 517 3679 verba
538 3612 631 3679 iuxta
652 3616 762 3698 posita
784 3637 985 3700 comparare.

537 3718 679 3788 Aristot.
697 3742 725 3787 c.
742 3723 796 3788 59.
1276 3723 1362 3790 Poll.
1379 3722 1460 3794 VIII
1476 3724 1529 3792 87.
1547 3723 1600 3793 88.

313 3797 349 3863 ol
362 3797 398 3865 u
418 3802 627 3883 θεσμοθέται
642 3804 775 3885 πρῶτον
791 3802 855 3888 μὲν
870 3806 934 3870 τοῦ
948 3826 1027 3886 προ·
1082 3802 1149 3892 ἰδίη
1161 3804 1197 3871 δὲ
1214 3805 1325 3886 οἱμὲν
1341 3809 1549 3888 θεσμοθέται
1564 3804 1799 3892 προγράφουσι

312 3886 432 3972 γράφοι
454 3886 494 3954 τὰ
517 3889 712 3978 δικαστήριά
731 3889 796 3957 εἰσι
817 3892 926 3979 κῦριοι
942 3894 1027 3958 τίσιν
1082 3893 1166 3959 πότε
1188 3896 1241 3960 δεῖ
1262 3896 1405 3971 δικάζειν
1430 3892 1469 3958 τὰ
1492 3894 1699 3984 δικαστήρια,

310 3971 448 4062 ἡμέραις
469 3979 523 4044 δεῖ
534 3979 689 4064 δικάζειν,
706 3982 820 4047 ἔπειτα
835 3984 897 4068 rori
910 3982 1028 4046 δοῦναι

311 4074 383 4142 ταῖς
397 4063 526 4152 άρχαῖς·
543 4069 664 4133 καθότι
680 4069 739 4153 χὰρ
752 4068 793 4135 άν
811 4070 905 4138 οῦτοι
917 4071 1026 4148 δοῦσιν,

315 4152 397 4222 κατὰ
408 4159 506 4224 τοῦτο
525 4161 678 4244 χρῶνται,
709 4162 757 4225 ἔτι
773 4160 809 4226 δὲ
821 4157 1028 4243 τὰςείσαχχε-
1450 4159 1504 4227 καὶ
1527 4160 1583 4235 τὰς
1599 4146 1800 4242 εἰσαγγελίας

309 4362 441 4490 Pham
458 4362 566 4421 husus
582 4365 656 4436 apud
675 4366 748 4423 hunc
767 4367 954 4439 quaesiuerisz
971 4372 1021 4422 ant
1038 4368 1212 4426 librariorum
1231 4373 1281 4424 aut
1298 4369 1418 4425 Pollucis
1435 4368 1523 4424 errori
1540 4384 1576 4425 ea
1587 4366 1737 4425 tribuenda
1748 4372 1800 4424 est

339 4474 346 4489 .
364 4433 527 4493 Arlstotells
546 4440 673 4493 Πολιτεία
690 4437 843 4506 Ἀθηιαῖοι
861 4440 974 4494 tertium
997 4439 1147 4496 ediderunt
1163 4441 1198 4498 G.
1216 4439 1318 4496 Kaibel
1335 4445 1366 4495 et
1381 4441 1414 4497 U.
1428 4440 1463 4496 de
1476 4438 1802 4497 Wilamowitaltoellcn·

311 4503 381 4564 (tort
399 4522 427 4578 p.
445 4509 490 4565 88.
519 4509 649 4566 Ceterum
675 4510 730 4566 iam
761 4512 872 4567 Valent.
902 4512 976 4567 Rose
1004 4510 1031 4579 (l.
1050 4513 1067 4567 l.
1086 4529 1113 4582 p.
1132 4514 1198 4578 426)
1225 4512 1424 4569 animadvertit
1445 4517 1558 4568 veteres
1584 4511 1650 4568 inde
1677 4511 1801 4582 aprime

311 4592 338 4647 p.
346 4577 411 4636 (ihr.
421 4595 448 4634 n.
458 4581 569 4637 seecnb
579 4583 692 4638 nomine
701 4589 853 4646 auctorum,
864 4582 966 4653 quibus
981 4584 1078 4653 ‚guasi
1088 4586 1208 4654 quodam
1220 4585 1400 4641 fundamento
1413 4585 1500 4641 omnis
1513 4600 1600 4655 opera
1608 4600 1641 4640 su
1661 4587 1801 4640 erstructa

313 4654 363 4715 set,
381 4651 430 4706 vix
448 4652 493 4708 vel
513 4651 595 4710 raro“
613 4669 756 4724 apponere
774 4655 871 4710 solitos
889 4671 963 4717 esse:
981 4657 1010 4711 id
1029 4657 1104 4726 qnod
1123 4657 1150 4711 ln
1163 4658 1302 4713 Pollucem
1320 4672 1431 4728 quoque
1445 4656 1585 4727 quadrare
1604 4601 1738 4712 vitiemur.

311 4808 338 4864 p,
357 4722 487 4867 missi
505 4725 538 4782 ρ’
557 4727 672 4783 Kaibeh
699 4725 752 4782 Stil
770 4727 827 4783 und
845 4728 919 4783 Tm
937 4727 988 4784 ‘¹⁰¹
1007 4732 1134 4783 [¹⁰²¹“i0‘
1150 4728 1304 4796 Ἀθηναίων
1323 4728 1374 4785 des
1390 4730 1568 4786 ArIstoteles.
1596 4728 1699 4785 'BerIIn
1720 4728 1799 4782 1893.

412 4867 432 4935 ‘l
451 4867 486 4925 cf.
504 4870 552 4924 Br.
564 4869 643 4926 Keil:
660 4870 714 4926 Die
728 4871 889 4928 Soloniscbe
904 4872 1079 4946 Verfassung
1088 4873 1115 4928 in
1126 4870 1299 4929 Aristotcles’
1312 4871 1662 4944 Verfussungsgeschichte
1680 4869 1799 4927 Athene.

311 4939 406 4995 Berlin
425 4941 504 4999 1892.
533 4956 560 5010 p.
581 4943 634 4997 196
653 4957 717 5000 ann.
738 4945 762 4998 1.

416 5009 491 5078 θεῖ.
506 5013 693 5071 Wilamowitr
712 5015 730 5069 l.
749 5016 766 5071 l.
786 5015 800 5070 1
818 5031 846 5084 p.
865 5015 969 5085 Itbrq.
1007 5015 1108 5073 Kaibel
1127 5016 1144 5070 l.
1163 5017 1180 5071 l.
1199 5032 1226 5085 p.
1246 5017 1308 5072 250.
1790 5080 1793 5086 ⁸

414 5084 435 5148 ⁸)
454 5085 544 5138 ταῦτα
562 5089 610 5154 ἐμοῦ
628 5094 675 5154 μὲν
693 5087 873 5154 συνελεξάμην,
893 5087 935 5140 ὅτι
952 5095 999 5155 μὶν
1018 5094 1060 5143 διὰ
1080 5092 1187 5154 ταχίωκ,
1208 5083 1276 5141 αὐτὸ
1296 5094 1379 5160 δηλοῖ.

310 5239 339 5298 Ρ.
356 5154 493 5285 musi
504 5157 539 5282 1}
557 5159 588 5216 F.
607 5160 762 5215 Hermanns
780 5158 927 5215 Lehrbuch
950 5159 1002 5216 der
1032 5157 1134 5231 griech.
1154 5159 1293 5230 AntiquIt.
1327 5164 1353 5218 6.
1374 5159 1448 5218 Aust.
1477 5159 1613 5229 Freiburg
1632 5158 1692 5214 iB
1722 5160 1801 5216 1892.
