4326 5806
1000 310 1021 378 9

266 525 344 600 totle
356 524 513 636 νόμους,
541 521 594 590 καὶ
621 525 712 610 δῶρα
737 524 783 612 μή
810 500 1023 635 λήψεσθαι

266 619 323 705 τής
344 612 451 726 άρχής
472 613 581 700 ἔνεκα,
606 612 669 681 κάν
695 637 726 681 τι
759 614 894 699 λάβωσι,
929 613 986 681 ὀν-

266 705 404 792 δριάντα
429 701 615 868 άναθηφειν
639 707 797 792 χρυσοῦν.
826 704 986 772 ἐντεῦθεν

267 793 526 878 δομοσαντες
582 791 768 904 ὀκρόπολυυ
797 796 986 904 βαδίζουσιν
1091 829 1093 834 ¹

270 883 325 951 καὶ
359 884 458 951 πάλιν
494 884 565 950 ἐκεῖ
589 881 689 950 ταότὰ
720 880 896 974 ὀμνύουσι
931 880 987 950 καὶ
1073 943 1075 947 .
1137 945 1140 951 ,

268 974 350 1058 μετὰ
373 971 462 1041 ταῦτ’
484 971 531 1051 εἰς
554 972 614 1061 τήν
638 971 744 1064 ὀργήν
769 942 986 1060 εἰσέρχονται.

373 1077 528 1165 Quinque
549 1081 615 1148 hoo
637 1081 711 1149 loco
726 1078 885 1147 hebemus
901 1080 1138 1160 additamento,
1163 1098 1300 1162 quorum
1315 1077 1456 1162 primum
1478 1070 1498 1160 ὃ
1515 1080 1559 1147 86
1581 1078 1619 1144 ἐκ
1633 1079 1761 1145 τούτων

270 1176 391 1263 γὰροί
376 1174 509 1240 ίέννέα
539 1176 812 1264 συμπληροῦντοι
840 1176 1054 1259 grammatico
1087 1173 1152 1259 ipsi
1185 1173 1402 1256 delegandum
1434 1173 1573 1260 ridetur,
1609 1183 1762 1262 quartum

270 1267 357 1355 §86
381 1269 464 1358 πρὸς
487 1273 527 1360 τῇ
549 1271 702 1356 βασιλείῳ
727 1274 809 1358 στοᾷ
844 1270 887 1338 eb
910 1269 1094 1338 Aristotele
1128 1289 1155 1336 o.
1182 1271 1212 1337 7.
1239 1272 1268 1352 1,
1302 1269 1360 1337 ubi
1392 1271 1539 1354 porticus
1562 1273 1654 1355 regia
1675 1292 1761 1340 oom-

268 1372 480 1449 memorstur,
516 1367 674 1451 originem
709 1368 827 1434 dooere
849 1367 1023 1434 verisimile
1047 1370 1112 1447 est3
1148 1365 1299 1450 quintum
1333 1357 1421 1447 §86
1447 1367 1591 1453 μυρρίνη
1613 1365 1649 1433 δέ
1674 1365 1761 1433 ἐστε.

274 1465 433 1551 φάνωντο
445 1457 504 1539 (se.
518 1461 555 1527 οί
567 1458 739 1550 ἄρχοντες)
753 1463 874 1530 Pollux
886 1482 927 1529 ex
940 1462 1055 1530 eodem
1071 1463 1229 1546 scriptore
1245 1480 1273 1526 o.
1285 1460 1339 1527 67.
1352 1461 1376 1526 4
1390 1481 1500 1544 regem
1514 1462 1602 1528 inter
1614 1462 1762 1532 iudioen·

275 1563 353 1629 dum
376 1577 531 1627 eoronam
553 1558 740 1642 deposuisse
763 1562 920 1626 uertente
943 1578 1071 1625 sumere
1090 1558 1208 1644 potuit.
1240 1554 1428 1624 Secundum
1443 1549 1463 1638 ξ
1481 1557 1524 1624 86
1542 1558 1762 1639 θεσμοθετῶν

275 1654 449 1741 ἀνάκρισις
483 1660 518 1721 et
554 1655 688 1720 tertium
728 1646 748 1735 §
783 1655 826 1723 85
860 1648 946 1739 ὑπὲρ
980 1655 1037 1740 τῆς
1070 1653 1227 1738 πατρίδος
1272 1673 1346 1720 eum
1380 1648 1460 1719 olibi
1498 1673 1629 1738 qnoque
1667 1654 1762 1722 nobis

276 1756 460 1833 occurrent,
483 1749 588 1817 lexico
610 1750 776 1817 rhetorico
799 1749 1040 1833 assignaverim.
1087 1749 1204 1832 Neque
1227 1749 1325 1815 aliter
1346 1748 1388 1815 ‹le
1404 1750 1596 1833 quaestione
1618 1746 1698 1814 εί
1664 1772 1701 1814 το
1717 1751 1763 1813 τί.

274 1869 368 1935 μημα
391 1845 480 1912 ἐστιν
503 1840 615 1958 αήτοῖς
652 1867 674 1911 e
706 1844 843 1913 Polluce
878 1842 966 1921 §86
1002 1845 1106 1912 allate
1139 1867 1199 1930 pro
1234 1865 1275 1911 ee
1309 1864 1408 1928 quem
1430 1844 1521 1930 epod
1546 1843 1763 1913 Aristotelem

275 1942 411 2027 legimus
446 1938 477 2006 εί
509 1938 548 2004 τὰ
583 1939 659 2028 τέλη
694 1941 783 2007 τελεῖ
815 1942 974 2008 existimo.
980 1931 1020 2019 ²¹)
1062 1939 1261 2008 Sollemnem
1287 1941 1379 2007 illam
1406 1941 1696 2024 interrogationem
1710 1942 1763 2008 ed

276 2038 461 2122 antiquiore
482 2041 631 2124 tempore
652 2038 816 2121 pertinere
839 2034 1098 2121 Aristotelisquo
1129 2041 1241 2103 estete
1275 2037 1481 2120 antiquatam
1505 2036 1763 2121 sbrogstemque

273 2127 372 2196 fuisse
394 2128 523 2194 ecimus
547 2126 588 2193 ol
613 2125 733 2193 Meier-
736 2125 957 2194 Schoemsnn·
958 2124 1102 2210 Lipsius,
1126 2124 1200 2193 Att
1224 2125 1359 2193 Proseis
1344 2146 1412 2211 sp
1437 2127 1512 2192 299.

444 2225 586 2293 Aristot.
604 2246 631 2293 o.
649 2225 703 2293 66.
721 2225 818 2293 2-7.
1274 2224 1360 2292 Poll
1377 2222 1463 2296 VIII
1478 2224 1531 2293 89.
1622 2231 1625 2237 ’

274 2305 371 2375 κοί“
351 2332 370 2374 ο
394 2306 503 2393 μὲν
480 2330 591 2396 αρχων
607 2355 720 2374 .....
743 2307 826 2391 μετὰ
842 2308 907 2372 τῶν
924 2305 993 2371 ἐπι·
1046 2304 1129 2374 ὀδέ
1156 2304 1268 2394 ἄρχων
1302 2307 1473 2399 διατίθησι
1506 2307 1571 2391 μὲν
1550 2307 1764 2376 νΔιουόαια

273 2398 425 2508 μελητῶν
440 2445 540 2466 .....
556 2399 678 2464 διοικεῖ
692 2445 789 2465 .....
807 2395 866 2463 τὸν
882 2393 993 2481 α’γῶνα
1047 2395 1101 2464 καί
1131 2397 1303 2507 Θαργήλια
1334 2396 1510 2481 μετὰτῶν
1544 2397 1763 2508 ἐπιμελητῶν,

274 2489 340 2554 τῶν
364 2489 552 2555 Διονυσίων
592 2509 689 2562 ουτος
727 2485 783 2554 καὶ
816 2490 881 2552 τῶν
907 2489 992 2574 Θαρ
1046 2486 1136 2554 δίκαι
1162 2487 1199 2554 δὲ
1228 2485 1312 2574 πρὸς
1339 2483 1442 2554 αότδν
1468 2487 1686 2571 λαγχάνονται
1709 2510 1765 2554 κα-

276 2576 397 2666 γηλίων
421 2625 555 2646 .....
592 2574 713 2665 γραφαί
746 2575 782 2644 δέ
817 2573 873 2643 καὶ
905 2576 993 2643 δίκαι
1046 2577 1186 2662 κτίσεως,
1220 2580 1413 2689 παρανοίας,
1441 2575 1489 2652 εἰς
1514 2579 1689 2668 διαιτητῶν
1718 2582 1765 2643 αί·

275 2667 494 2752 λαγχάνουται
517 2665 601 2753 πρὸς
628 2665 730 2734 αότόν
753 2715 865 2735 .....
891 2665 993 2732 κακοί
1047 2686 1149 2753 ρεσυν,
1173 2633 1397 2756 ἐπιτροπής’
1375 2670 1546 2753 ορφαυῶν,
1574 2667 1765 2753 ἐπιτρόπων

275 2777 356 2832 σεως
383 2758 595 2868 παρανοίας
586 2804 697 2824 .....
721 2755 769 2830 είς
796 2757 966 2866 δοτητῶν’
968 2755 993 2843 'l
1048 2757 1268 2846 rosontione
1314 2756 1444 2846 κλήρων
1485 2755 1539 2824 και
1577 2756 1765 2870 ἐπικλήρων

274 2853 402 2938 αίρεσιν
424 2894 537 2914 .....
564 2843 612 2922 εἰς
634 2847 816 2957 ἐπιτροπῆς
838 2846 994 2913 κατάστα.
1048 2847 1257 2914 ἐπιδικασί.αι
1299 2847 1504 2930 ἐπιμελεῖται
1535 2846 1571 2914 δέ
1610 2845 1665 2914 καὶ
1700 2851 1764 2915 τῶν

275 2957 328 3005 σιν
344 2986 458 3005 .....
482 2936 612 3025 κλήρων
636 2935 692 3004 καὶ
715 2936 903 3049 ἐπικλήρων
924 2935 993 3004 ἐπι·
1048 2941 1212 3022 γυναικοῖν
1257 2941 1293 3002 αδ
1329 2933 1370 3002 ἂν
1409 2940 1519 3045 φῶσιν
1553 2933 1606 3003 ἐπ’
1643 2935 1743 3004 ὀνδ
1706 2960 1765 3024 ρος

286 3029 439 3094 δικασίαι.
475 3024 656 3138 ἐπιμελεῖ]
659 3027 739 3117 ·)ται
772 3026 808 3093 δέ
844 3050 897 3093 και
928 3029 993 3092 τῶν
1047 3029 1183 3138 τελευτῇ
1198 3026 1301 3107 κάειν,
1319 3025 1378 3093 καί
1388 3026 1466 3103 τούς
1481 3025 1596 3102 οἴκους
1607 3026 1767 3139 ἐκμισθοι

291 3115 461 3205 ὀρφήανῶν
474 3166 569 3183 .....
586 3140 641 3183 και
656 3118 722 3182 τῶν
738 3118 902 3202 γυναικῶν
917 3114 993 3183 ὀσαι
1047 3121 1113 3183 τῶν
1125 3114 1295 3228 ὀρφανῶν.
1294 3117 1436 3228 ,ἐστι’4)
1438 3104 1697 3198 δ’ἐπιόνυμος
1655 3140 1764 3203 ουτος,

276 3226 317 3269 αν
351 3205 619 3315 τελευτήήφαντος
658 3231 718 3274 του
751 3204 884 3294 estote
918 3206 992 3316 σκή
1047 3204 1147 3274 καῖ’
1125 3205 1183 3272 απ’
1205 3203 1309 3274 αὐτοῦ
1330 3203 1349 3273 ὀ
1374 3207 1495 3294 χρόνος
1517 3204 1720 3295 ἀριθμεῖται.

277 3293 445 3400 [πτω]νται
468 3296 560 3362 κάειν
586 3345 720 3363 .....
743 3301 866 3379 μισθοῖ
885 3296 922 3363 δέ
940 3318 993 3362 και

273 3406 352 3460 τους
376 3382 490 3459 οῖκους
512 3388 578 3449 τῶν
600 3382 759 3474 ὀρφανῶν
783 3435 896 3454 .....

505 3488 646 3558 Aristot
663 3511 691 3558 o.
707 3491 762 3558 57.
1270 3491 1354 3559 Poll.
1378 3490 1472 3562 VIII
1485 3492 1547 3638 ί,90

273 3570 352 3638 ὀδέ
373 3571 528 3658 βασιλευς
556 3577 689 3682 πρῶτον
715 3573 779 3657 μὲν
802 3576 992 3664 μυστηρίων
1046 3599 1066 3642 ο
1100 3574 1137 3642 δέ
1170 3573 1321 3661 βασιλευς
1354 3576 1545 3663 μυστηρίων
1579 3576 1766 3688 προίστηκε

275 3661 478 3744 ἐπιμελεῖται
498 3661 582 3746 μετὰ
604 3665 669 3731 τῶν
691 3663 991 3753 ἐπιμελητῶν-.
1046 3664 1129 3749 μετὰ
1151 3669 1216 3730 τῶν
1240 3664 1447 3775 ἐπιμελητῶν
1466 3661 1520 3729 κοί
1534 3667 1695 3775 Ληναίου
1711 3663 1767 3732 καὶ

274 3750 388 3816 ἐπειτα
399 3753 586 3819 Διονυσίων
599 3776 664 3819 των
660 3751 858 3862 Ἐπιληναί
856 3777 946 3822 ων..
984 3805 991 3820 .
1047 3753 1185 3838 ὀχάνων
1207 3758 1273 3819 τῶν
1297 3752 1353 3820 ἐπὶ
1376 3753 1533 3844 λαμπάδι,
1558 3751 1613 3820 καί
1635 3775 1674 3819 τα
1660 3753 1769 3843 περὶ

275 3840 447 3952 διατίθησι
471 3842 508 3908 δὲ
532 3841 587 3909 καί
614 3866 691 3918 τους
720 3847 785 3907 τῶν
812 3805 993 3927 λαμπάδων
1048 3843 1105 3918 τὰς
1128 3847 1286 3954 πατρίους
1308 3846 1428 3919 θυσίας
1450 3811 1589 3911 διοικεῖ·
1619 3845 1708 3911 δίκαι
1730 3845 1768 3911 δὲ

274 3927 402 4013 ἀγῶνας
423 3928 584 4008 ἅπαντας·
608 3930 651 4007 ῶς
673 3931 703 3999 δ’
704 3932 838 4010 ἔπος
808 3942 916 4000 ειπεῖν
941 3931 995 3998 καί
1048 3933 1133 4022 πρὸς
1183 3932 1287 4000 αὐτὸν
1338 3931 1559 4015 λαγχάνονται
1607 3931 1767 4047 ἀσεβείας,

274 4017 331 4094 τὰς
370 4020 529 4105 πατρίους
567 4025 686 4098 θυσίας
730 4024 852 4089 διοικεῖ
895 4045 995 4100 ουτος
1048 4025 1245 4134 ἱερωσύνης
1265 4021 1550 4137 ἀμφισβητήσεως
1602 4022 1657 4090 καί
1697 4034 1769 4100 τοῖς

273 4110 390 4187 πάσας
432 4110 555 4199 γραφαί
584 4113 621 4179 δέ
656 4113 877 4197 λαγχάνονται
911 4112 995 4225 πρὸς
1049 4120 1159 4198 γένεσι
1193 4112 1247 4179 καὶ
1275 4122 1345 4188 τοῖς
1375 4115 1502 4200 ίερευοι
1535 4116 1638 4181 πᾶσιν
1669 4113 1769 4188 αότδς

273 4196 377 4271 αότόν
400 4199 516 4286 α’σεβεί
514 4223 561 4286 ας,
585 4200 647 4269 κάν
661 4225 710 4277 τις
732 4203 915 4292 ίερωσάνης
936 4225 993 4285 αμ-
1048 4205 1181 4290 δικάζει,
1217 4200 1272 4268 καὶ
1299 4202 1356 4280 τὰς
1383 4225 1442 4268 του
1471 4204 1583 4314 φήνου
1605 4204 1698 4278 δίκας
1720 4202 1768 4281 είς

274 4295 419 4382 φισβηυή
446 4290 531 4378 πρός
562 4314 645 4359 τινα.
680 4291 858 4371 διαδικάζει
881 4292 917 4358 δέ
941 4291 995 4358 καὶ
1044 4289 1437 4401 Ἄρειονπάγονεῖσάγει,
1453 4291 1509 4359 καὶ
1523 4294 1583 4359 τδν
1600 4300 1767 4379 στέφανον

273 4390 343 4456 τοῖς
376 4385 485 4466 γένεσι
518 4379 574 4447 καὶ
600 4388 672 4458 τοῖς
698 4384 824 4469 ίερευσι
851 4381 908 4456 τὰς
935 4380 994 4467 ὀμ
1048 4383 1262 4469 ἀποθέμενος
1297 4382 1358 4448 σδυ
1381 4378 1494 4458 αότοῖς
1520 4384 1653 4463 δικάζει.
1688 4407 1767 4473 προ-

375 4542 585 4616 ¹¹)1npetme
597 4561 617 4602 ε,
627 4562 672 4602 me
689 4560 746 4602 non
763 4562 886 4617 possum,
899 4550 932 4603 ut
944 4549 1091 4606 oumBurs
1042 4565 1145 4678 αεηηο
1139 4548 1240 4607 leolam
1257 4549 1439 4607 oontendentl
1455 4546 1486 4616 ll.
1501 4547 1559 4619 lp
1570 4545 1613 4616 80]
1630 4547 1769 4608 voesbuh

275 4621 347 4680 κίδος
366 4621 397 4674 et
421 4621 483 4688 τίμη
483 4618 570 4705 μιαί
587 4634 623 4675 so
640 4619 754 4675 notione
772 4617 962 4677 diversissime
978 4619 1024 4676 hio
1040 4621 1080 4677 Po
1102 4623 1172 4694 noi,
1174 4623 1257 4693 ,idom
1276 4620 1417 4694 signullour
1299 4620 1541 4694 gnullourevlsum
1559 4615 1648 4677 esse‘l

375 4686 413 4758 ¹²)
431 4640 523 4745 διωμοι
487 4687 620 4760 κηιῶκ,ο
602 4688 677 4760 qnod
694 4689 782 4747 hebet
799 4690 899 4747 charte
916 4688 1111 4757 Londinensls,
1129 4695 1290 4780 mendosum
1315 4708 1377 4751 esso
1395 4694 1457 4752 lnoe
1475 4691 1578 4750 olsrlus
1606 4696 1664 4762 est,
1691 4695 1769 4747 reete

273 4756 400 4818 editores
426 4761 569 4832 lenloogru
569 4761 654 4832 phum
682 4762 943 4833 cmmbngiensem
974 4766 1062 4822 secuti
1093 4771 1160 4835 δη
1109 4789 1214 4821 aaaaa
1244 4766 1391 4824 Aristoteli
1418 4766 1611 4824 restltuerunt.
1648 4764 1720 4820 llum
1739 4763 1769 4818 ln

278 4834 449 4892 ononuuoo
468 4849 544 4905 quoq
506 4849 588 4904 oque,
606 4834 655 4890 ubl
673 4835 784 4892 oodloes
802 4836 876 4892 ldem
895 4837 1026 4893 vitiosum
1045 4838 1212 4896 voeabulnm
1236 4837 1378 4909 exhibent,
1406 4855 1440 4927 oo
1439 4837 1600 4908 mgendnm
1631 4837 1677 4906 sit,
1703 4834 1769 4891 mihi

275 4917 332 4960 non
361 4905 431 4962 nette
459 4911 579 4976 oonsmt,
611 4922 673 4963 oum
699 4906 813 4963 dubium
841 4924 903 4965 esse
930 4910 1028 4980 possit,
1059 4916 1151 4967 utrum
1181 4909 1287 4967 librarii
1314 4927 1352 4968 sn
1379 4911 1468 4982 ipsius
1439 4853 1614 4966 rmPolluels
1640 4906 1770 4965 eeleriter

276 4975 516 5049 neglegenterque
534 4979 720 5036 deseribentis
738 4981 775 5035 sit
793 4996 879 5037 error

377 5047 640 5190 'illim‘
657 5066 673 5107 ⁰
637 5051 1374 5201 stultttttltlumttttzttm
1386 5127 1528 5186 ...τις
1543 5121 1769 5189 neonem

273 5189 415 5251 rhetorioo
433 5193 580 5264 repetiisse
597 5195 741 5267 putandus
759 5202 811 5255 est
847 5195 883 5254 ol·
901 5197 1029 5269 Bursyl
1047 5197 1113 5271 Io
1133 5199 1219 5270 ῖῖεο.

1554 5289 1570 5340 s
