<?xml version="1.0" encoding="UTF-8"?>
<!DOCTYPE html PUBLIC "-//W3C//DTD XHTML 1.0 Transitional//EN"
    "http://www.w3.org/TR/xhtml1/DTD/xhtml1-transitional.dtd">
<html xmlns="http://www.w3.org/1999/xhtml" xml:lang="en" lang="en">
 <head>
  <title>
</title>
<meta http-equiv="Content-Type" content="text/html;charset=utf-8" />
  <meta name='ocr-system' content='tesseract 3.04.00' />
  <meta name='ocr-capabilities' content='ocr_page ocr_carea ocr_par ocr_line ocrx_word'/>
</head>
<body>
  <div class='ocr_page' id='page_1' title='image "./quaeratiointerc00michgoog_0030.png"; bbox 0 0 4358 5820; ppageno 0'>
   <div class='ocr_carea' id='block_1_1' title="bbox 931 312 972 377">
    <p class='ocr_par' dir='ltr' id='par_1_1' title="bbox 931 312 972 377">
     <span class='ocr_line' id='line_1_1' title="bbox 931 312 972 377; baseline 0.049 -2"><span class='ocrx_word' id='word_1_1' title='bbox 931 312 972 377; x_wconf 82' lang='lat'><strong>13</strong></span> 
     </span>
    </p>
   </div>
   <div class='ocr_carea' id='block_1_2' title="bbox 204 522 1695 1272">
    <p class='ocr_par' dir='ltr' id='par_1_2' title="bbox 204 522 1695 1272">
     <span class='ocr_line' id='line_1_2' title="bbox 204 522 1694 620; baseline -0.006 -19"><span class='ocrx_word' id='word_1_2' title='bbox 204 522 453 615; x_wconf 58' lang='lat' dir='ltr'><strong>»conpectu</strong></span> <span class='ocrx_word' id='word_1_3' title='bbox 502 550 577 599; x_wconf 79' lang='lat' dir='ltr'><strong>curn</strong></span> <span class='ocrx_word' id='word_1_4' title='bbox 598 530 778 620; x_wconf 80' lang='lat' dir='ltr'><strong>apodeotao</strong></span> <span class='ocrx_word' id='word_1_5' title='bbox 812 532 1023 616; x_wconf 76' lang='lat' dir='ltr'>attingerent,</span> <span class='ocrx_word' id='word_1_6' title='bbox 1057 530 1267 599; x_wconf 72' lang='lat' dir='ltr'><strong>librariorum</strong></span> <span class='ocrx_word' id='word_1_7' title='bbox 1295 528 1423 596; x_wconf 86' lang='lat' dir='ltr'><strong>incuria</strong></span> <span class='ocrx_word' id='word_1_8' title='bbox 1443 527 1509 595; x_wconf 90' lang='lat' dir='ltr'><strong>hnc</strong></span> <span class='ocrx_word' id='word_1_9' title='bbox 1531 524 1694 594; x_wconf 75' lang='lat' dir='ltr'><strong>banelata</strong></span> 
     </span>
     <span class='ocr_line' id='line_1_3' title="bbox 205 622 1694 714; baseline -0.004 -19"><span class='ocrx_word' id='word_1_10' title='bbox 205 630 239 695; x_wconf 88' lang='lat' dir='ltr'><strong>et</strong></span> <span class='ocrx_word' id='word_1_11' title='bbox 260 624 377 693; x_wconf 86' lang='lat' dir='ltr'><strong>addita</strong></span> <span class='ocrx_word' id='word_1_12' title='bbox 410 647 432 690; x_wconf 95' lang='lat' dir='ltr'><strong>u</strong></span> <span class='ocrx_word' id='word_1_13' title='bbox 455 625 545 695; x_wconf 88' lang='lat' dir='ltr'><strong>tione</strong></span> <span class='ocrx_word' id='word_1_14' title='bbox 577 624 679 712; x_wconf 78' lang='lat' dir='ltr'><strong>veluti</strong></span> <span class='ocrx_word' id='word_1_15' title='bbox 711 624 878 713; x_wconf 78' lang='grc' dir='ltr'><strong><em>πρότερον</em></strong></span> <span class='ocrx_word' id='word_1_16' title='bbox 912 633 988 714; x_wconf 85' lang='lat' dir='ltr'><strong>poet</strong></span> <span class='ocrx_word' id='word_1_17' title='bbox 1021 627 1121 697; x_wconf 86' lang='lat' dir='ltr'><strong>rerba</strong></span> <span class='ocrx_word' id='word_1_18' title='bbox 1143 623 1190 698; x_wconf 75' lang='grc' dir='ltr'><strong>εἰς</strong></span> <span class='ocrx_word' id='word_1_19' title='bbox 1211 622 1425 712; x_wconf 80' lang='grc' dir='ltr'><strong><em>δικαστήριον</em></strong></span> <span class='ocrx_word' id='word_1_20' title='bbox 1447 623 1600 705; x_wconf 89' lang='lat' dir='ltr'><strong>ponenda</strong></span> <span class='ocrx_word' id='word_1_21' title='bbox 1622 641 1694 689; x_wconf 78' lang='lat' dir='ltr'><strong>eane</strong></span> 
     </span>
     <span class='ocr_line' id='line_1_4' title="bbox 205 707 1695 808; baseline -0.006 -16"><span class='ocrx_word' id='word_1_22' title='bbox 205 719 369 805; x_wconf 80' lang='lat' dir='ltr'><strong>Stojentin</strong></span> <span class='ocrx_word' id='word_1_23' title='bbox 391 721 414 787; x_wconf 87' lang='lat' dir='ltr'><strong>l.</strong></span> <span class='ocrx_word' id='word_1_24' title='bbox 449 742 505 806; x_wconf 96' lang='lat' dir='ltr'><strong>.p.</strong></span> <span class='ocrx_word' id='word_1_25' title='bbox 525 721 565 786; x_wconf 89' lang='lat'><strong>18</strong></span> <span class='ocrx_word' id='word_1_26' title='bbox 582 743 632 806; x_wconf 86' lang='lat' dir='ltr'><strong>oq.</strong></span> <span class='ocrx_word' id='word_1_27' title='bbox 656 721 736 789; x_wconf 90' lang='lat' dir='ltr'><strong>mihi</strong></span> <span class='ocrx_word' id='word_1_28' title='bbox 768 725 901 808; x_wconf 88' lang='lat' dir='ltr'><strong>quidem</strong></span> <span class='ocrx_word' id='word_1_29' title='bbox 934 724 1088 807; x_wconf 84' lang='lat' dir='ltr'><strong>probarit</strong></span> <span class='ocrx_word' id='word_1_30' title='bbox 1122 717 1177 803; x_wconf 82' lang='lat' dir='ltr'><strong>(of.</strong></span> <span class='ocrx_word' id='word_1_31' title='bbox 1201 721 1327 802; x_wconf 84' lang='lat' dir='ltr'><strong>Bdokh,</strong></span> <span class='ocrx_word' id='word_1_32' title='bbox 1362 719 1489 790; x_wconf 81' lang='lat' dir='ltr'><strong>Stateh.</strong></span> <span class='ocrx_word' id='word_1_33' title='bbox 1505 718 1564 786; x_wconf 89' lang='lat'><strong>11·</strong></span> <span class='ocrx_word' id='word_1_34' title='bbox 1579 740 1610 802; x_wconf 81' lang='lat' dir='ltr'><strong>p.</strong></span> <span class='ocrx_word' id='word_1_35' title='bbox 1628 707 1695 784; x_wconf 81' lang='lat'><strong>39*</strong></span> 
     </span>
     <span class='ocr_line' id='line_1_5' title="bbox 205 802 1693 899; baseline -0.003 -22"><span class='ocrx_word' id='word_1_36' title='bbox 205 830 281 878; x_wconf 85' lang='lat' dir='ltr'><strong>ann.</strong></span> <span class='ocrx_word' id='word_1_37' title='bbox 305 802 394 890; x_wconf 80' lang='lat'><strong>242).</strong></span> <span class='ocrx_word' id='word_1_38' title='bbox 439 810 612 892; x_wconf 80' lang='lat' dir='ltr'><strong>Pootrema</strong></span> <span class='ocrx_word' id='word_1_39' title='bbox 645 812 786 897; x_wconf 89' lang='lat' dir='ltr'><strong>denique</strong></span> <span class='ocrx_word' id='word_1_40' title='bbox 820 815 921 884; x_wconf 88' lang='lat' dir='ltr'><strong>rerba</strong></span> <span class='ocrx_word' id='word_1_41' title='bbox 943 807 1037 896; x_wconf 83' lang='grc' dir='ltr'><strong><em>ολγον</em></strong></span> <span class='ocrx_word' id='word_1_42' title='bbox 1065 810 1248 890; x_wconf 81' lang='grc' dir='ltr'><strong><em>δ’έξουσίαν</em></strong></span> <span class='ocrx_word' id='word_1_43' title='bbox 1272 808 1327 876; x_wconf 85' lang='grc' dir='ltr'><strong><em>καὶ</em></strong></span> <span class='ocrx_word' id='word_1_44' title='bbox 1350 812 1467 899; x_wconf 77' lang='grc' dir='ltr'><strong><em>ζημίαν</em></strong></span> <span class='ocrx_word' id='word_1_45' title='bbox 1490 805 1640 892; x_wconf 65' lang='lat' dir='ltr'><strong>dormo,</strong></span> <span class='ocrx_word' id='word_1_46' title='bbox 1663 805 1693 873; x_wconf 81' lang='grc' dir='ltr'><strong>εἰ</strong></span> 
     </span>
     <span class='ocr_line' id='line_1_6' title="bbox 205 901 1693 1000; baseline 0.002 -30"><span class='ocrx_word' id='word_1_47' title='bbox 205 901 324 979; x_wconf 86' lang='grc' dir='ltr'><strong>ἀδίκως</strong></span> <span class='ocrx_word' id='word_1_48' title='bbox 346 901 412 973; x_wconf 75' lang='lat' dir='ltr'><strong>tut</strong></span> <span class='ocrx_word' id='word_1_49' title='bbox 436 908 503 975; x_wconf 79' lang='grc' dir='ltr'><strong>τῶν</strong></span> <span class='ocrx_word' id='word_1_50' title='bbox 518 903 690 992; x_wconf 83' lang='grc' dir='ltr'><strong><em>ἀργύντων</em></strong></span> <span class='ocrx_word' id='word_1_51' title='bbox 706 906 915 1000; x_wconf 78' lang='grc' dir='ltr'><strong><em>έπιβληθούη,</em></strong></span> <span class='ocrx_word' id='word_1_52' title='bbox 932 932 1018 996; x_wconf 87' lang='lat' dir='ltr'><strong>qnae</strong></span> <span class='ocrx_word' id='word_1_53' title='bbox 1032 910 1181 994; x_wconf 77' lang='lat' dir='ltr'><strong>plerique</strong></span> <span class='ocrx_word' id='word_1_54' title='bbox 1196 908 1286 975; x_wconf 93' lang='lat' dir='ltr'><strong>nullo</strong></span> <span class='ocrx_word' id='word_1_55' title='bbox 1301 907 1527 975; x_wconf 76' lang='lat' dir='ltr'><strong>intercedente</strong></span> <span class='ocrx_word' id='word_1_56' title='bbox 1543 904 1693 989; x_wconf 77' lang='lat' dir='ltr'><strong>eIryaiae</strong></span> 
     </span>
     <span class='ocr_line' id='line_1_7' title="bbox 207 999 1695 1091; baseline -0.001 -22"><span class='ocrx_word' id='word_1_57' title='bbox 207 1003 364 1073; x_wconf 76' lang='lat' dir='ltr'><strong>orationis</strong></span> <span class='ocrx_word' id='word_1_58' title='bbox 398 999 477 1089; x_wconf 84' lang='grc' dir='ltr'><strong><em>πορδ</em></strong></span> <span class='ocrx_word' id='word_1_59' title='bbox 511 1002 712 1089; x_wconf 84' lang='grc' dir='ltr'><strong><em>στρατιύτου</em></strong></span> <span class='ocrx_word' id='word_1_60' title='bbox 745 1008 952 1091; x_wconf 76' lang='lat' dir='ltr'><strong>paragrapho</strong></span> <span class='ocrx_word' id='word_1_61' title='bbox 990 1007 1130 1090; x_wconf 78' lang='lat' dir='ltr'><strong>septima</strong></span> <span class='ocrx_word' id='word_1_62' title='bbox 1167 1003 1301 1070; x_wconf 79' lang='lat' dir='ltr'><strong>fluxisse</strong></span> <span class='ocrx_word' id='word_1_63' title='bbox 1336 1004 1549 1082; x_wconf 87' lang='lat' dir='ltr'><strong>arbitrantur,</strong></span> <span class='ocrx_word' id='word_1_64' title='bbox 1584 1002 1695 1085; x_wconf 83' lang='lat' dir='ltr'><strong>Buray</strong></span> 
     </span>
     <span class='ocr_line' id='line_1_8' title="bbox 205 1096 1694 1183; baseline -0.002 -18"><span class='ocrx_word' id='word_1_65' title='bbox 205 1098 228 1165; x_wconf 89' lang='lat' dir='ltr'><strong>l.</strong></span> <span class='ocrx_word' id='word_1_66' title='bbox 248 1096 270 1164; x_wconf 91' lang='lat' dir='ltr'><strong>l.</strong></span> <span class='ocrx_word' id='word_1_67' title='bbox 290 1118 322 1182; x_wconf 91' lang='lat' dir='ltr'><strong>p.</strong></span> <span class='ocrx_word' id='word_1_68' title='bbox 340 1098 381 1166; x_wconf 86' lang='grc'><strong>61</strong></span> <span class='ocrx_word' id='word_1_69' title='bbox 398 1100 470 1166; x_wconf 88' lang='lat' dir='ltr'><strong>iure</strong></span> <span class='ocrx_word' id='word_1_70' title='bbox 504 1100 627 1183; x_wconf 86' lang='lat' dir='ltr'><strong>optimo</strong></span> <span class='ocrx_word' id='word_1_71' title='bbox 659 1099 767 1169; x_wconf 86' lang='lat' dir='ltr'><strong>lexico</strong></span> <span class='ocrx_word' id='word_1_72' title='bbox 799 1102 966 1170; x_wconf 88' lang='lat' dir='ltr'><strong>rhetorico</strong></span> <span class='ocrx_word' id='word_1_73' title='bbox 1000 1103 1044 1169; x_wconf 91' lang='lat' dir='ltr'><strong>ad</strong></span> <span class='ocrx_word' id='word_1_74' title='bbox 1077 1105 1225 1169; x_wconf 77' lang='lat' dir='ltr'><strong>oratores</strong></span> <span class='ocrx_word' id='word_1_75' title='bbox 1260 1097 1395 1166; x_wconf 76' lang='lat' dir='ltr'><strong>Atticos</strong></span> <span class='ocrx_word' id='word_1_76' title='bbox 1428 1097 1694 1183; x_wconf 79' lang='lat' dir='ltr'><strong>interpretandos</strong></span> 
     </span>
     <span class='ocr_line' id='line_1_9' title="bbox 206 1189 1295 1272; baseline -0.004 -16"><span class='ocrx_word' id='word_1_77' title='bbox 206 1189 386 1272; x_wconf 80' lang='lat' dir='ltr'><strong>componito</strong></span> <span class='ocrx_word' id='word_1_78' title='bbox 408 1189 563 1256; x_wconf 86' lang='lat' dir='ltr'><strong>reddidit.</strong></span> <span class='ocrx_word' id='word_1_79' title='bbox 1084 1210 1086 1215; x_wconf 61' lang='grc'>’</span> <span class='ocrx_word' id='word_1_80' title='bbox 1292 1239 1295 1243; x_wconf 90' lang='grc'><strong><em>.</em></strong></span> 
     </span>
    </p>
   </div>
   <div class='ocr_carea' id='block_1_3' title="bbox 205 1309 1699 2183">
    <p class='ocr_par' dir='ltr' id='par_1_3' title="bbox 410 1309 1467 1398">
     <span class='ocr_line' id='line_1_10' title="bbox 410 1309 1467 1398; baseline -0.002 -17"><span class='ocrx_word' id='word_1_81' title='bbox 410 1311 551 1381; x_wconf 78' lang='lat' dir='ltr'><strong>Aristot.</strong></span> <span class='ocrx_word' id='word_1_82' title='bbox 569 1335 597 1382; x_wconf 90' lang='lat' dir='ltr'><strong>o.</strong></span> <span class='ocrx_word' id='word_1_83' title='bbox 613 1315 668 1383; x_wconf 83' lang='lat'><strong>4‘1.</strong></span> <span class='ocrx_word' id='word_1_84' title='bbox 684 1317 716 1385; x_wconf 74' lang='grc'><strong>2.</strong></span> <span class='ocrx_word' id='word_1_85' title='bbox 816 1394 819 1398; x_wconf 40' lang='grc'><strong><em>,</em></strong></span> <span class='ocrx_word' id='word_1_86' title='bbox 967 1309 969 1314; x_wconf 62' lang='grc'>’</span> <span class='ocrx_word' id='word_1_87' title='bbox 1204 1313 1290 1383; x_wconf 89' lang='lat' dir='ltr'><strong>Poll.</strong></span> <span class='ocrx_word' id='word_1_88' title='bbox 1305 1312 1399 1385; x_wconf 84' lang='lat' dir='ltr'><strong>vm</strong></span> <span class='ocrx_word' id='word_1_89' title='bbox 1414 1314 1467 1381; x_wconf 84' lang='grc'><strong>99.</strong></span> 
     </span>
    </p>

    <p class='ocr_par' dir='ltr' id='par_1_4' title="bbox 205 1387 1699 2182">
     <span class='ocr_line' id='line_1_11' title="bbox 205 1387 1694 1489; baseline -0.001 -30"><span class='ocrx_word' id='word_1_90' title='bbox 205 1394 243 1459; x_wconf 80' lang='grc' dir='ltr'><strong>ολ</strong></span> <span class='ocrx_word' id='word_1_91' title='bbox 262 1392 411 1485; x_wconf 83' lang='grc' dir='ltr'><strong><em>πωληταλ</em></strong></span> <span class='ocrx_word' id='word_1_92' title='bbox 434 1397 449 1462; x_wconf 90' lang='grc' dir='ltr'><strong><em>ί</em></strong></span> <span class='ocrx_word' id='word_1_93' title='bbox 461 1401 525 1479; x_wconf 87' lang='grc' dir='ltr'><strong>μέν</strong></span> <span class='ocrx_word' id='word_1_94' title='bbox 548 1394 623 1482; x_wconf 81' lang='grc' dir='ltr'><strong><em>εἶσι,</em></strong></span> <span class='ocrx_word' id='word_1_95' title='bbox 648 1398 687 1466; x_wconf 83' lang='grc' dir='ltr'><strong>κλ</strong></span> <span class='ocrx_word' id='word_1_96' title='bbox 711 1401 828 1484; x_wconf 85' lang='grc' dir='ltr'><strong><em>ρούται</em></strong></span> <span class='ocrx_word' id='word_1_97' title='bbox 847 1387 925 1474; x_wconf 79' lang='grc' dir='ltr'><strong><em>δὀῖς</em></strong></span> <span class='ocrx_word' id='word_1_98' title='bbox 977 1395 1126 1489; x_wconf 87' lang='grc' dir='ltr'><strong><em>πωληταὶ</em></strong></span> <span class='ocrx_word' id='word_1_99' title='bbox 1160 1395 1200 1462; x_wconf 79' lang='lat' dir='ltr'><strong>ed</strong></span> <span class='ocrx_word' id='word_1_100' title='bbox 1234 1397 1310 1485; x_wconf 87' lang='grc' dir='ltr'><strong><em>τέλη</em></strong></span> <span class='ocrx_word' id='word_1_101' title='bbox 1346 1396 1574 1479; x_wconf 81' lang='grc' dir='ltr'><em>πιπράσκουσι</em></span> <span class='ocrx_word' id='word_1_102' title='bbox 1610 1392 1694 1478; x_wconf 87' lang='grc' dir='ltr'><strong><em>μοτά</em></strong></span> 
     </span>
     <span class='ocr_line' id='line_1_12' title="bbox 206 1422 1699 1577; baseline 0.001 -26"><span class='ocrx_word' id='word_1_103' title='bbox 206 1483 243 1548; x_wconf 84' lang='grc' dir='ltr'><strong>έκ</strong></span> <span class='ocrx_word' id='word_1_104' title='bbox 265 1488 323 1571; x_wconf 81' lang='grc' dir='ltr'><strong><em>τῆς</em></strong></span> <span class='ocrx_word' id='word_1_105' title='bbox 346 1486 463 1576; x_wconf 81' lang='grc' dir='ltr'><strong><em>φυλῆς.</em></strong></span> <span class='ocrx_word' id='word_1_106' title='bbox 487 1490 650 1571; x_wconf 74' lang='grc' dir='ltr'>μισθοῦσι</span> <span class='ocrx_word' id='word_1_107' title='bbox 675 1422 711 1555; x_wconf 58' lang='lat' dir='ltr'><strong>dd</strong></span> <span class='ocrx_word' id='word_1_108' title='bbox 735 1486 773 1553; x_wconf 88' lang='grc' dir='ltr'><strong><em>τὰ</em></strong></span> <span class='ocrx_word' id='word_1_109' title='bbox 796 1488 923 1572; x_wconf 68' lang='grc' dir='ltr'><strong><em>μισθού-</em></strong></span> <span class='ocrx_word' id='word_1_110' title='bbox 977 1492 1042 1554; x_wconf 81' lang='grc' dir='ltr'><strong><em>τοῑν</em></strong></span> <span class='ocrx_word' id='word_1_111' title='bbox 1068 1485 1124 1554; x_wconf 74' lang='grc' dir='ltr'><strong>ἐπί</strong></span> <span class='ocrx_word' id='word_1_112' title='bbox 1146 1484 1183 1554; x_wconf 86' lang='grc' dir='ltr'><strong><em>τὸ</em></strong></span> <span class='ocrx_word' id='word_1_113' title='bbox 1216 1485 1383 1577; x_wconf 78' lang='grc' dir='ltr'><strong><em>θεωρικὸν</em></strong></span> <span class='ocrx_word' id='word_1_114' title='bbox 1416 1481 1604 1574; x_wconf 74' lang='grc' dir='ltr'><strong><em>ᾑρημένων,</em></strong></span> <span class='ocrx_word' id='word_1_115' title='bbox 1640 1480 1699 1553; x_wconf 76' lang='grc' dir='ltr'><strong>καλ</strong></span> 
     </span>
     <span class='ocr_line' id='line_1_13' title="bbox 205 1572 1694 1663; baseline -0.001 -24"><span class='ocrx_word' id='word_1_116' title='bbox 205 1595 291 1658; x_wconf 94' lang='grc' dir='ltr'><strong><em>ματα</em></strong></span> <span class='ocrx_word' id='word_1_117' title='bbox 320 1575 428 1643; x_wconf 84' lang='grc' dir='ltr'><strong><em>πάυτα</em></strong></span> <span class='ocrx_word' id='word_1_118' title='bbox 456 1575 512 1642; x_wconf 82' lang='grc' dir='ltr'><strong><em>καὶ</em></strong></span> <span class='ocrx_word' id='word_1_119' title='bbox 538 1575 578 1643; x_wconf 86' lang='grc' dir='ltr'><strong><em>τὰ</em></strong></span> <span class='ocrx_word' id='word_1_120' title='bbox 600 1578 746 1661; x_wconf 82' lang='grc' dir='ltr'><strong><em>μέταλλα</em></strong></span> <span class='ocrx_word' id='word_1_121' title='bbox 773 1580 923 1648; x_wconf 78' lang='grc' dir='ltr'><strong><em>πωλοῦσι</em></strong></span> <span class='ocrx_word' id='word_1_122' title='bbox 977 1576 1034 1654; x_wconf 83' lang='grc' dir='ltr'><strong><em>τὰς</em></strong></span> <span class='ocrx_word' id='word_1_123' title='bbox 1056 1581 1122 1644; x_wconf 83' lang='grc' dir='ltr'><strong><em>τιδν</em></strong></span> <span class='ocrx_word' id='word_1_124' title='bbox 1146 1576 1182 1655; x_wconf 66' lang='lat' dir='ltr'><strong>d}</strong></span> <span class='ocrx_word' id='word_1_125' title='bbox 1202 1572 1335 1663; x_wconf 74' lang='grc' dir='ltr'><strong>Ἀρείου</strong></span> <span class='ocrx_word' id='word_1_126' title='bbox 1371 1574 1479 1662; x_wconf 81' lang='grc' dir='ltr'><strong><em>πάγου</em></strong></span> <span class='ocrx_word' id='word_1_127' title='bbox 1514 1572 1597 1657; x_wconf 80' lang='grc' dir='ltr'><strong><em>μετὰ</em></strong></span> <span class='ocrx_word' id='word_1_128' title='bbox 1632 1572 1694 1639; x_wconf 87' lang='grc' dir='ltr'><strong>τόν</strong></span> 
     </span>
     <span class='ocr_line' id='line_1_14' title="bbox 206 1660 1695 1756; baseline -0.001 -27"><span class='ocrx_word' id='word_1_129' title='bbox 206 1661 261 1729; x_wconf 82' lang='grc' dir='ltr'><strong>καλ</strong></span> <span class='ocrx_word' id='word_1_130' title='bbox 282 1663 322 1729; x_wconf 83' lang='grc' dir='ltr'><strong><em>τὰ</em></strong></span> <span class='ocrx_word' id='word_1_131' title='bbox 347 1666 423 1752; x_wconf 90' lang='grc' dir='ltr'><strong><em>τέλη</em></strong></span> <span class='ocrx_word' id='word_1_132' title='bbox 439 1664 523 1750; x_wconf 75' lang='grc' dir='ltr'><strong><em>μετὰ</em></strong></span> <span class='ocrx_word' id='word_1_133' title='bbox 538 1670 601 1734; x_wconf 87' lang='grc' dir='ltr'><strong><em>τού</em></strong></span> <span class='ocrx_word' id='word_1_134' title='bbox 616 1672 735 1754; x_wconf 78' lang='grc' dir='ltr'><strong><em>ταμίου</em></strong></span> <span class='ocrx_word' id='word_1_135' title='bbox 750 1672 817 1735; x_wconf 77' lang='grc' dir='ltr'><strong><em>τοῖν</em></strong></span> <span class='ocrx_word' id='word_1_136' title='bbox 831 1688 923 1755; x_wconf 84' lang='grc' dir='ltr'><strong><em>στρα·</em></strong></span> <span class='ocrx_word' id='word_1_137' title='bbox 978 1669 1144 1756; x_wconf 78' lang='grc' dir='ltr'><strong><em>πρότερον</em></strong></span> <span class='ocrx_word' id='word_1_138' title='bbox 1166 1666 1268 1756; x_wconf 87' lang='grc' dir='ltr'><strong><em>λύγον</em></strong></span> <span class='ocrx_word' id='word_1_139' title='bbox 1291 1665 1467 1752; x_wconf 85' lang='grc' dir='ltr'><strong><em>φυγόντων</em></strong></span> <span class='ocrx_word' id='word_1_140' title='bbox 1492 1662 1615 1748; x_wconf 90' lang='grc' dir='ltr'><strong><em>ούσίας,</em></strong></span> <span class='ocrx_word' id='word_1_141' title='bbox 1640 1660 1695 1728; x_wconf 80' lang='grc' dir='ltr'><strong>καλ</strong></span> 
     </span>
     <span class='ocr_line' id='line_1_15' title="bbox 206 1750 1693 1849; baseline 0 -31"><span class='ocrx_word' id='word_1_142' title='bbox 206 1755 365 1820; x_wconf 81' lang='grc' dir='ltr'><strong><em>τιωτικῶν</em></strong></span> <span class='ocrx_word' id='word_1_143' title='bbox 400 1753 456 1821; x_wconf 86' lang='grc' dir='ltr'><strong><em>καὶ</em></strong></span> <span class='ocrx_word' id='word_1_144' title='bbox 485 1758 554 1821; x_wconf 77' lang='grc' dir='ltr'><strong>τῶν</strong></span> <span class='ocrx_word' id='word_1_145' title='bbox 581 1755 637 1824; x_wconf 75' lang='lat' dir='ltr'><strong>tut</strong></span> <span class='ocrx_word' id='word_1_146' title='bbox 681 1757 719 1824; x_wconf 83' lang='grc' dir='ltr'><strong><em>τὸ</em></strong></span> <span class='ocrx_word' id='word_1_147' title='bbox 755 1758 922 1847; x_wconf 76' lang='grc' dir='ltr'><strong><em>θεωρικὸν</em></strong></span> <span class='ocrx_word' id='word_1_148' title='bbox 976 1756 1016 1824; x_wconf 87' lang='grc' dir='ltr'><strong><em>τά</em></strong></span> <span class='ocrx_word' id='word_1_149' title='bbox 1031 1760 1270 1849; x_wconf 74' lang='grc' dir='ltr'><strong><em>δεδημευμένα.</em></strong></span> <span class='ocrx_word' id='word_1_150' title='bbox 1287 1754 1494 1843; x_wconf 78' lang='grc' dir='ltr'><strong><em>’πρυτανεύοι</em></strong></span> <span class='ocrx_word' id='word_1_151' title='bbox 1508 1750 1693 1831; x_wconf 82' lang='grc' dir='ltr'><strong><em>δ’έξαύτύν</em></strong></span> 
     </span>
     <span class='ocr_line' id='line_1_16' title="bbox 205 1837 1693 1936; baseline 0 -26"><span class='ocrx_word' id='word_1_152' title='bbox 205 1839 382 1934; x_wconf 74' lang='grc' dir='ltr'><strong><em>ᾑρημένων</em></strong></span> <span class='ocrx_word' id='word_1_153' title='bbox 410 1846 562 1914; x_wconf 72' lang='grc' dir='ltr'><strong><em>ἐναντίον</em></strong></span> <span class='ocrx_word' id='word_1_154' title='bbox 590 1851 648 1928; x_wconf 66' lang='grc' dir='ltr'><strong><em>τῆς</em></strong></span> <span class='ocrx_word' id='word_1_155' title='bbox 670 1849 793 1936; x_wconf 82' lang='grc' dir='ltr'><strong><em>βουλῆς</em></strong></span> <span class='ocrx_word' id='word_1_156' title='bbox 808 1897 922 1923; x_wconf 86' lang='grc'><strong>,,,,,</strong></span> <span class='ocrx_word' id='word_1_157' title='bbox 976 1837 1033 1933; x_wconf 82' lang='grc' dir='ltr'><strong><em>οῖς,</em></strong></span> <span class='ocrx_word' id='word_1_158' title='bbox 1046 1845 1133 1923; x_wconf 79' lang='grc' dir='ltr'><strong><em>δ’ςτά</em></strong></span> <span class='ocrx_word' id='word_1_159' title='bbox 1146 1847 1346 1929; x_wconf 78' lang='grc' dir='ltr'><strong><em>πωλούμενα</em></strong></span> <span class='ocrx_word' id='word_1_160' title='bbox 1360 1850 1498 1932; x_wconf 76' lang='grc' dir='ltr'><strong><em>βεβαιοῖ,</em></strong></span> <span class='ocrx_word' id='word_1_161' title='bbox 1523 1841 1693 1932; x_wconf 80' lang='grc' dir='ltr'><strong><em>ἀπήγοντο</em></strong></span> 
     </span>
     <span class='ocr_line' id='line_1_17' title="bbox 208 1931 1694 2026; baseline 0 -28"><span class='ocrx_word' id='word_1_162' title='bbox 208 1932 261 2000; x_wconf 82' lang='grc' dir='ltr'><strong><em>καὶ</em></strong></span> <span class='ocrx_word' id='word_1_163' title='bbox 288 1933 345 2010; x_wconf 89' lang='grc' dir='ltr'><strong><em>τὰς</em></strong></span> <span class='ocrx_word' id='word_1_164' title='bbox 373 1934 485 2011; x_wconf 84' lang='grc' dir='ltr'><strong><em>ούσίας</em></strong></span> <span class='ocrx_word' id='word_1_165' title='bbox 507 1939 573 2002; x_wconf 82' lang='grc' dir='ltr'><strong>τάν</strong></span> <span class='ocrx_word' id='word_1_166' title='bbox 597 1936 632 2018; x_wconf 68' lang='lat' dir='ltr'><strong>d}</strong></span> <span class='ocrx_word' id='word_1_167' title='bbox 653 1936 784 2025; x_wconf 82' lang='grc' dir='ltr'><strong>’Δροίου</strong></span> <span class='ocrx_word' id='word_1_168' title='bbox 812 1938 921 2023; x_wconf 90' lang='grc' dir='ltr'><strong><em>πάγοο</em></strong></span> <span class='ocrx_word' id='word_1_169' title='bbox 975 1938 1011 2005; x_wconf 76' lang='grc' dir='ltr'><strong>δέ</strong></span> <span class='ocrx_word' id='word_1_170' title='bbox 1040 1935 1125 2026; x_wconf 85' lang='grc' dir='ltr'><strong><em>πρδς</em></strong></span> <span class='ocrx_word' id='word_1_171' title='bbox 1152 1937 1293 2013; x_wconf 89' lang='grc' dir='ltr'><strong><em>τούτους</em></strong></span> <span class='ocrx_word' id='word_1_172' title='bbox 1314 1934 1370 2002; x_wconf 82' lang='grc' dir='ltr'><strong><em>καὶ</em></strong></span> <span class='ocrx_word' id='word_1_173' title='bbox 1397 1937 1433 2001; x_wconf 79' lang='grc' dir='ltr'><strong>οἱ</strong></span> <span class='ocrx_word' id='word_1_174' title='bbox 1452 1936 1625 2019; x_wconf 79' lang='grc' dir='ltr'><strong>μετοίκιον</strong></span> <span class='ocrx_word' id='word_1_175' title='bbox 1647 1931 1694 2021; x_wconf 84' lang='grc' dir='ltr'><strong><em>μη</em></strong></span> 
     </span>
     <span class='ocr_line' id='line_1_18' title="bbox 208 2023 1134 2182; baseline 0.009 -93"><span class='ocrx_word' id='word_1_176' title='bbox 208 2023 400 2182; x_wconf 67' lang='grc' dir='ltr'><strong><em>φεηγύνταν</em></strong></span> <span class='ocrx_word' id='word_1_177' title='bbox 424 2024 478 2092; x_wconf 79' lang='grc' dir='ltr'><strong><em>καὶ</em></strong></span> <span class='ocrx_word' id='word_1_178' title='bbox 500 2030 566 2093; x_wconf 85' lang='grc' dir='ltr'><strong><em>τιδν</em></strong></span> <span class='ocrx_word' id='word_1_179' title='bbox 576 2023 617 2119; x_wconf 84' lang='lat'><strong>⁸¹)</strong></span> <span class='ocrx_word' id='word_1_180' title='bbox 640 2027 697 2095; x_wconf 72' lang='lat' dir='ltr'><strong>tut</strong></span> <span class='ocrx_word' id='word_1_181' title='bbox 717 2031 775 2117; x_wconf 80' lang='grc' dir='ltr'><strong><em>τῆς</em></strong></span> <span class='ocrx_word' id='word_1_182' title='bbox 800 2029 923 2118; x_wconf 76' lang='grc' dir='ltr'><strong><em>βουλῆς</em></strong></span> <span class='ocrx_word' id='word_1_183' title='bbox 975 2031 1134 2105; x_wconf 76' lang='grc' dir='ltr'><strong><em>τιθέντες,</em></strong></span> 
     </span>
    </p>

    <p class='ocr_par' dir='ltr' id='par_1_5' title="bbox 206 2134 386 2183">
     <span class='ocr_line' id='line_1_19' title="bbox 206 2134 386 2183; baseline 0.006 -1"><span class='ocrx_word' id='word_1_184' title='bbox 206 2141 258 2182; x_wconf 89' lang='grc' dir='ltr'><strong>πω</strong></span> <span class='ocrx_word' id='word_1_185' title='bbox 281 2134 386 2183; x_wconf 88' lang='grc' dir='ltr'><strong><em>ουσιυ.</em></strong></span> 
     </span>
    </p>
   </div>
   <div class='ocr_carea' id='block_1_4' title="bbox 206 2231 1697 2687">
    <p class='ocr_par' dir='ltr' id='par_1_6' title="bbox 206 2231 1697 2687">
     <span class='ocr_line' id='line_1_20' title="bbox 307 2231 1697 2321; baseline -0.001 -20"><span class='ocrx_word' id='word_1_186' title='bbox 307 2231 410 2301; x_wconf 86' lang='lat' dir='ltr'><strong>Initio</strong></span> <span class='ocrx_word' id='word_1_187' title='bbox 440 2231 537 2300; x_wconf 85' lang='lat' dir='ltr'><strong>huiue</strong></span> <span class='ocrx_word' id='word_1_188' title='bbox 560 2234 760 2319; x_wconf 79' lang='lat' dir='ltr'><strong>paragraphi</strong></span> <span class='ocrx_word' id='word_1_189' title='bbox 780 2234 940 2302; x_wconf 89' lang='lat' dir='ltr'><strong>Pollucea</strong></span> <span class='ocrx_word' id='word_1_190' title='bbox 971 2233 1171 2321; x_wconf 86' lang='lat' dir='ltr'><strong>quamquam</strong></span> <span class='ocrx_word' id='word_1_191' title='bbox 1204 2238 1376 2302; x_wconf 85' lang='lat' dir='ltr'><strong>contracta</strong></span> <span class='ocrx_word' id='word_1_192' title='bbox 1397 2237 1474 2301; x_wconf 79' lang='lat' dir='ltr'><strong>runt</strong></span> <span class='ocrx_word' id='word_1_193' title='bbox 1508 2236 1542 2298; x_wconf 88' lang='lat' dir='ltr'><strong>et</strong></span> <span class='ocrx_word' id='word_1_194' title='bbox 1567 2234 1697 2299; x_wconf 86' lang='lat' dir='ltr'><strong>mutata</strong></span> 
     </span>
     <span class='ocr_line' id='line_1_21' title="bbox 207 2318 1695 2408; baseline -0.003 -19"><span class='ocrx_word' id='word_1_195' title='bbox 207 2344 280 2389; x_wconf 91' lang='lat' dir='ltr'><strong>oum</strong></span> <span class='ocrx_word' id='word_1_196' title='bbox 308 2318 523 2389; x_wconf 84' lang='lat' dir='ltr'><strong>Aristoteleie</strong></span> <span class='ocrx_word' id='word_1_197' title='bbox 552 2325 751 2408; x_wconf 81' lang='lat' dir='ltr'><strong>conspirant,</strong></span> <span class='ocrx_word' id='word_1_198' title='bbox 780 2324 830 2391; x_wconf 88' lang='lat' dir='ltr'><strong>ita</strong></span> <span class='ocrx_word' id='word_1_199' title='bbox 855 2329 977 2407; x_wconf 84' lang='lat' dir='ltr'><strong>tamen,</strong></span> <span class='ocrx_word' id='word_1_200' title='bbox 1006 2329 1045 2393; x_wconf 87' lang='lat' dir='ltr'><strong>ut</strong></span> <span class='ocrx_word' id='word_1_201' title='bbox 1071 2322 1173 2393; x_wconf 84' lang='lat' dir='ltr'><strong>rerba</strong></span> <span class='ocrx_word' id='word_1_202' title='bbox 1198 2321 1280 2407; x_wconf 78' lang='lat' dir='ltr'><strong>perd</strong></span> <span class='ocrx_word' id='word_1_203' title='bbox 1310 2319 1369 2387; x_wconf 89' lang='grc' dir='ltr'><strong>τδν</strong></span> <span class='ocrx_word' id='word_1_204' title='bbox 1398 2319 1566 2408; x_wconf 79' lang='grc' dir='ltr'><strong><em>πρότερον</em></strong></span> <span class='ocrx_word' id='word_1_205' title='bbox 1593 2318 1695 2403; x_wconf 82' lang='grc' dir='ltr'><strong><em>λύγον</em></strong></span> 
     </span>
     <span class='ocr_line' id='line_1_22' title="bbox 207 2413 1696 2503; baseline -0.001 -19"><span class='ocrx_word' id='word_1_206' title='bbox 207 2413 316 2501; x_wconf 77' lang='lat'>§117</span> <span class='ocrx_word' id='word_1_207' title='bbox 340 2420 493 2503; x_wconf 83' lang='lat' dir='ltr'><strong>repetita,</strong></span> <span class='ocrx_word' id='word_1_208' title='bbox 529 2440 615 2503; x_wconf 87' lang='lat' dir='ltr'><strong>quae</strong></span> <span class='ocrx_word' id='word_1_209' title='bbox 637 2442 677 2487; x_wconf 83' lang='lat' dir='ltr'><strong>ex</strong></span> <span class='ocrx_word' id='word_1_210' title='bbox 709 2421 942 2489; x_wconf 81' lang='lat' dir='ltr'><strong>Demo&#39;etbeuia</strong></span> <span class='ocrx_word' id='word_1_211' title='bbox 979 2421 1126 2489; x_wconf 89' lang='lat' dir='ltr'><strong>oratione</strong></span> <span class='ocrx_word' id='word_1_212' title='bbox 1161 2425 1278 2488; x_wconf 90' lang='lat' dir='ltr'><strong>contra</strong></span> <span class='ocrx_word' id='word_1_213' title='bbox 1314 2415 1557 2485; x_wconf 79' lang='lat' dir='ltr'><strong>Aristocratem</strong></span> <span class='ocrx_word' id='word_1_214' title='bbox 1589 2438 1616 2483; x_wconf 91' lang='lat' dir='ltr'><strong>o.</strong></span> <span class='ocrx_word' id='word_1_215' title='bbox 1652 2416 1696 2483; x_wconf 82' lang='lat'><strong>69</strong></span> 
     </span>
     <span class='ocr_line' id='line_1_23' title="bbox 206 2507 1697 2595; baseline -0.002 -20"><span class='ocrx_word' id='word_1_216' title='bbox 206 2510 364 2589; x_wconf 78' lang='lat' dir='ltr'><strong>norimus,</strong></span> <span class='ocrx_word' id='word_1_217' title='bbox 398 2509 542 2592; x_wconf 80' lang='lat' dir='ltr'><strong>auctoris</strong></span> <span class='ocrx_word' id='word_1_218' title='bbox 572 2509 782 2594; x_wconf 87' lang='lat' dir='ltr'><strong>explicationi</strong></span> <span class='ocrx_word' id='word_1_219' title='bbox 813 2512 1004 2579; x_wconf 83' lang='lat' dir='ltr'><strong>intermixta</strong></span> <span class='ocrx_word' id='word_1_220' title='bbox 1029 2512 1104 2578; x_wconf 80' lang='lat' dir='ltr'><strong>rint.</strong></span> <span class='ocrx_word' id='word_1_221' title='bbox 1156 2511 1198 2577; x_wconf 93' lang='lat' dir='ltr'><strong>Iu</strong></span> <span class='ocrx_word' id='word_1_222' title='bbox 1225 2507 1290 2576; x_wconf 89' lang='lat' dir='ltr'><strong>fine</strong></span> <span class='ocrx_word' id='word_1_223' title='bbox 1315 2508 1403 2595; x_wconf 88' lang='lat' dir='ltr'><strong>qnod</strong></span> <span class='ocrx_word' id='word_1_224' title='bbox 1424 2507 1546 2574; x_wconf 85' lang='lat' dir='ltr'><strong>Pollux</strong></span> <span class='ocrx_word' id='word_1_225' title='bbox 1575 2507 1697 2574; x_wconf 89' lang='lat' dir='ltr'><strong>adiecit</strong></span> 
     </span>
     <span class='ocr_line' id='line_1_24' title="bbox 208 2595 1695 2687; baseline 0 -23"><span class='ocrx_word' id='word_1_226' title='bbox 208 2597 337 2682; x_wconf 84' lang='lat' dir='ltr'><strong>poletao</strong></span> <span class='ocrx_word' id='word_1_227' title='bbox 348 2598 607 2666; x_wconf 82' lang='lat' dir='ltr'><strong>iurisdictionem</strong></span> <span class='ocrx_word' id='word_1_228' title='bbox 619 2600 785 2687; x_wconf 88' lang='lat' dir='ltr'><strong>quandam</strong></span> <span class='ocrx_word' id='word_1_229' title='bbox 796 2603 830 2669; x_wconf 90' lang='lat' dir='ltr'><strong>in</strong></span> <span class='ocrx_word' id='word_1_230' title='bbox 841 2601 1019 2685; x_wconf 83' lang='lat' dir='ltr'><strong>inqussinoe</strong></span> <span class='ocrx_word' id='word_1_231' title='bbox 1031 2598 1069 2665; x_wconf 85' lang='grc' dir='ltr'><strong><em>τὸ</em></strong></span> <span class='ocrx_word' id='word_1_232' title='bbox 1083 2600 1257 2684; x_wconf 76' lang='grc' dir='ltr'><strong><em>μετοίκιον</em></strong></span> <span class='ocrx_word' id='word_1_233' title='bbox 1269 2621 1335 2666; x_wconf 90' lang='lat' dir='ltr'><strong>non</strong></span> <span class='ocrx_word' id='word_1_234' title='bbox 1351 2598 1516 2665; x_wconf 74' lang='lat' dir='ltr'><strong>solventes</strong></span> <span class='ocrx_word' id='word_1_235' title='bbox 1530 2595 1695 2678; x_wconf 80' lang='lat' dir='ltr'><strong>babuisse,</strong></span> 
     </span>
    </p>
   </div>
   <div class='ocr_carea' id='block_1_5' title="bbox 208 2690 1697 2781">
    <p class='ocr_par' dir='ltr' id='par_1_7' title="bbox 208 2690 1697 2781">
     <span class='ocr_line' id='line_1_25' title="bbox 208 2690 1697 2781; baseline -0.001 -20"><span class='ocrx_word' id='word_1_236' title='bbox 208 2694 324 2761; x_wconf 85' lang='lat' dir='ltr'><strong>eximie</strong></span> <span class='ocrx_word' id='word_1_237' title='bbox 360 2717 435 2762; x_wconf 90' lang='lat' dir='ltr'><strong>cum</strong></span> <span class='ocrx_word' id='word_1_238' title='bbox 461 2692 626 2781; x_wconf 82' lang='lat' dir='ltr'><strong>Hnrpoor.</strong></span> <span class='ocrx_word' id='word_1_239' title='bbox 650 2718 676 2765; x_wconf 84' lang='lat' dir='ltr'><strong>a.</strong></span> <span class='ocrx_word' id='word_1_240' title='bbox 699 2720 728 2764; x_wconf 85' lang='lat' dir='ltr'><strong>r.</strong></span> <span class='ocrx_word' id='word_1_241' title='bbox 762 2698 933 2780; x_wconf 74' lang='grc' dir='ltr'><strong><em>μετοίκιον</em></strong></span> <span class='ocrx_word' id='word_1_242' title='bbox 969 2690 1697 2776; x_wconf 24' lang='lat' dir='ltr'><strong>etrDemoothooutraAmatogit.orat1</strong></span> 
     </span>
    </p>
   </div>
   <div class='ocr_carea' id='block_1_6' title="bbox 204 2789 1697 3145">
    <p class='ocr_par' dir='ltr' id='par_1_8' title="bbox 204 2789 1697 3145">
     <span class='ocr_line' id='line_1_26' title="bbox 207 2789 1696 2877; baseline -0.001 -21"><span class='ocrx_word' id='word_1_243' title='bbox 207 2812 233 2857; x_wconf 91' lang='grc' dir='ltr'><strong>ο.</strong></span> <span class='ocrx_word' id='word_1_244' title='bbox 257 2790 300 2856; x_wconf 73' lang='lat' dir='ltr'><strong>ot</strong></span> <span class='ocrx_word' id='word_1_245' title='bbox 359 2791 510 2857; x_wconf 84' lang='lat' dir='ltr'><strong>concinit.</strong></span> <span class='ocrx_word' id='word_1_246' title='bbox 569 2792 755 2877; x_wconf 87' lang='lat' dir='ltr'><strong>Utrumque</strong></span> <span class='ocrx_word' id='word_1_247' title='bbox 788 2795 1049 2861; x_wconf 88' lang='lat' dir='ltr'><strong>additamentum</strong></span> <span class='ocrx_word' id='word_1_248' title='bbox 1082 2793 1191 2875; x_wconf 87' lang='lat' dir='ltr'><strong>Buray</strong></span> <span class='ocrx_word' id='word_1_249' title='bbox 1219 2791 1241 2858; x_wconf 90' lang='lat' dir='ltr'><strong>l.</strong></span> <span class='ocrx_word' id='word_1_250' title='bbox 1270 2790 1291 2858; x_wconf 91' lang='lat' dir='ltr'><strong>l.</strong></span> <span class='ocrx_word' id='word_1_251' title='bbox 1345 2841 1352 2856; x_wconf 91' lang='lat'><strong>.</strong></span> <span class='ocrx_word' id='word_1_252' title='bbox 1380 2790 1444 2856; x_wconf 81' lang='lat'><strong>104</strong></span> <span class='ocrx_word' id='word_1_253' title='bbox 1466 2810 1515 2872; x_wconf 82' lang='lat' dir='ltr'><strong>eq.</strong></span> <span class='ocrx_word' id='word_1_254' title='bbox 1549 2789 1696 2855; x_wconf 87' lang='lat' dir='ltr'><strong>elexioo</strong></span> 
     </span>
     <span class='ocr_line' id='line_1_27' title="bbox 205 2812 1696 2971; baseline -0.001 -25"><span class='ocrx_word' id='word_1_255' title='bbox 205 2880 370 2951; x_wconf 83' lang='lat' dir='ltr'><strong>rhetorico</strong></span> <span class='ocrx_word' id='word_1_256' title='bbox 404 2883 598 2948; x_wconf 82' lang='lat' dir='ltr'><strong>arcessitum</strong></span> <span class='ocrx_word' id='word_1_257' title='bbox 633 2904 704 2950; x_wconf 82' lang='lat' dir='ltr'><strong>esee</strong></span> <span class='ocrx_word' id='word_1_258' title='bbox 728 2885 877 2971; x_wconf 75' lang='lat' dir='ltr'><strong>quamvis</strong></span> <span class='ocrx_word' id='word_1_259' title='bbox 900 2883 1090 2951; x_wconf 84' lang='lat' dir='ltr'><strong>dubitanter</strong></span> <span class='ocrx_word' id='word_1_260' title='bbox 1104 2882 1253 2949; x_wconf 83' lang='lat' dir='ltr'><strong>coniecit.</strong></span> <span class='ocrx_word' id='word_1_261' title='bbox 1298 2812 1395 2947; x_wconf 58' lang='lat' dir='ltr'><strong>[Inoo</strong></span> <span class='ocrx_word' id='word_1_262' title='bbox 1412 2883 1521 2948; x_wconf 85' lang='lat' dir='ltr'><strong>autem</strong></span> <span class='ocrx_word' id='word_1_263' title='bbox 1537 2899 1587 2961; x_wconf 90' lang='lat' dir='ltr'><strong>ea,</strong></span> <span class='ocrx_word' id='word_1_264' title='bbox 1611 2899 1696 2963; x_wconf 88' lang='lat' dir='ltr'><strong>quae</strong></span> 
     </span>
     <span class='ocr_line' id='line_1_28' title="bbox 206 2968 1697 3058; baseline -0.001 -22"><span class='ocrx_word' id='word_1_265' title='bbox 206 2969 246 3037; x_wconf 92' lang='lat' dir='ltr'><strong>de</strong></span> <span class='ocrx_word' id='word_1_266' title='bbox 274 2971 426 3054; x_wconf 74' lang='lat' dir='ltr'><strong>praeside</strong></span> <span class='ocrx_word' id='word_1_267' title='bbox 452 2971 638 3055; x_wconf 85' lang='lat' dir='ltr'><strong>palatarum</strong></span> <span class='ocrx_word' id='word_1_268' title='bbox 667 2973 701 3038; x_wconf 91' lang='lat' dir='ltr'><strong>in</strong></span> <span class='ocrx_word' id='word_1_269' title='bbox 729 2974 838 3042; x_wconf 91' lang='lat' dir='ltr'><strong>medio</strong></span> <span class='ocrx_word' id='word_1_270' title='bbox 851 2975 853 2978; x_wconf 62' lang='lat'>‘</span> <span class='ocrx_word' id='word_1_271' title='bbox 866 2975 978 3058; x_wconf 80' lang='lat' dir='ltr'><strong>posuit</strong></span> <span class='ocrx_word' id='word_1_272' title='bbox 1004 2972 1248 3057; x_wconf 76' lang='lat' dir='ltr'><strong>grammaticus,</strong></span> <span class='ocrx_word' id='word_1_273' title='bbox 1275 2968 1438 3050; x_wconf 83' lang='lat' dir='ltr'><strong>libaverit,</strong></span> <span class='ocrx_word' id='word_1_274' title='bbox 1466 2969 1521 3037; x_wconf 80' lang='lat' dir='ltr'><strong>rix</strong></span> <span class='ocrx_word' id='word_1_275' title='bbox 1546 2968 1697 3055; x_wconf 82' lang='lat' dir='ltr'><strong>indagari</strong></span> 
     </span>
     <span class='ocr_line' id='line_1_29' title="bbox 204 3058 1304 3145; baseline 0 -19"><span class='ocrx_word' id='word_1_276' title='bbox 204 3063 335 3142; x_wconf 85' lang='lat' dir='ltr'><strong>poterit,</strong></span> <span class='ocrx_word' id='word_1_277' title='bbox 358 3062 555 3145; x_wconf 85' lang='lat' dir='ltr'><strong>praesertim</strong></span> <span class='ocrx_word' id='word_1_278' title='bbox 577 3084 651 3129; x_wconf 91' lang='lat' dir='ltr'><strong>cnm</strong></span> <span class='ocrx_word' id='word_1_279' title='bbox 674 3063 794 3131; x_wconf 89' lang='lat' dir='ltr'><strong>bacin</strong></span> <span class='ocrx_word' id='word_1_280' title='bbox 816 3084 853 3130; x_wconf 90' lang='lat' dir='ltr'><strong>re</strong></span> <span class='ocrx_word' id='word_1_281' title='bbox 876 3062 1003 3129; x_wconf 92' lang='lat' dir='ltr'><strong>nullum</strong></span> <span class='ocrx_word' id='word_1_282' title='bbox 1025 3062 1150 3130; x_wconf 88' lang='lat' dir='ltr'><strong>accium</strong></span> <span class='ocrx_word' id='word_1_283' title='bbox 1172 3058 1304 3128; x_wconf 77' lang='lat' dir='ltr'><strong>habeat.</strong></span> 
     </span>
    </p>
   </div>
   <div class='ocr_carea' id='block_1_7' title="bbox 206 3182 1698 4257">
    <p class='ocr_par' dir='ltr' id='par_1_9' title="bbox 206 3182 1698 4257">
     <span class='ocr_line' id='line_1_30' title="bbox 413 3182 1479 3256; baseline -0.003 -4"><span class='ocrx_word' id='word_1_284' title='bbox 413 3182 554 3253; x_wconf 82' lang='lat' dir='ltr'><strong>Aristot.</strong></span> <span class='ocrx_word' id='word_1_285' title='bbox 572 3208 600 3253; x_wconf 88' lang='lat' dir='ltr'><strong>o.</strong></span> <span class='ocrx_word' id='word_1_286' title='bbox 616 3186 671 3254; x_wconf 80' lang='lat'><strong>52.</strong></span> <span class='ocrx_word' id='word_1_287' title='bbox 691 3189 720 3254; x_wconf 90' lang='lat'><strong>1.</strong></span> <span class='ocrx_word' id='word_1_288' title='bbox 1190 3186 1274 3253; x_wconf 88' lang='lat' dir='ltr'><strong>Poll.</strong></span> <span class='ocrx_word' id='word_1_289' title='bbox 1289 3183 1382 3256; x_wconf 87' lang='lat' dir='ltr'><strong>VIII</strong></span> <span class='ocrx_word' id='word_1_290' title='bbox 1406 3184 1479 3252; x_wconf 82' lang='lat'><strong>102.</strong></span> 
     </span>
     <span class='ocr_line' id='line_1_31' title="bbox 208 3256 1697 3356; baseline 0.003 -30"><span class='ocrx_word' id='word_1_291' title='bbox 208 3262 382 3329; x_wconf 71' lang='grc' dir='ltr'><strong><em>καθιστᾶσι</em></strong></span> <span class='ocrx_word' id='word_1_292' title='bbox 405 3266 461 3332; x_wconf 83' lang='grc' dir='ltr'><strong><em>καὶ</em></strong></span> <span class='ocrx_word' id='word_1_293' title='bbox 482 3266 560 3342; x_wconf 86' lang='grc' dir='ltr'><strong><em>τοδς</em></strong></span> <span class='ocrx_word' id='word_1_294' title='bbox 582 3268 700 3336; x_wconf 79' lang='grc' dir='ltr'><strong><em>ἔνδικα</em></strong></span> <span class='ocrx_word' id='word_1_295' title='bbox 723 3266 830 3356; x_wconf 81' lang='grc' dir='ltr'><strong><em>κλήρῳ</em></strong></span> <span class='ocrx_word' id='word_1_296' title='bbox 979 3269 1016 3335; x_wconf 80' lang='grc' dir='ltr'><strong>οἱ</strong></span> <span class='ocrx_word' id='word_1_297' title='bbox 1027 3267 1146 3334; x_wconf 71' lang='lat' dir='ltr'><strong>dodran</strong></span> <span class='ocrx_word' id='word_1_298' title='bbox 1161 3256 1208 3344; x_wconf 80' lang='grc' dir='ltr'><strong>οἷς</strong></span> <span class='ocrx_word' id='word_1_299' title='bbox 1219 3265 1279 3352; x_wconf 83' lang='grc' dir='ltr'><strong>ἀφ’</strong></span> <span class='ocrx_word' id='word_1_300' title='bbox 1290 3267 1429 3356; x_wconf 86' lang='grc' dir='ltr'><strong><em>έκάσιης</em></strong></span> <span class='ocrx_word' id='word_1_301' title='bbox 1440 3266 1548 3354; x_wconf 79' lang='grc' dir='ltr'><strong><em>φυλῆς</em></strong></span> <span class='ocrx_word' id='word_1_302' title='bbox 1559 3261 1697 3348; x_wconf 72' lang='grc' dir='ltr'><strong><em>ἐγίνετο,</em></strong></span> 
     </span>
     <span class='ocr_line' id='line_1_32' title="bbox 979 3354 1694 3446; baseline -0.003 -24"><span class='ocrx_word' id='word_1_303' title='bbox 979 3355 1033 3423; x_wconf 81' lang='grc' dir='ltr'><strong><em>καὶ</em></strong></span> <span class='ocrx_word' id='word_1_304' title='bbox 1045 3354 1301 3446; x_wconf 76' lang='grc' dir='ltr'><strong><em>γραμματεύς”)</em></strong></span> <span class='ocrx_word' id='word_1_305' title='bbox 1320 3354 1432 3430; x_wconf 88' lang='grc' dir='ltr'><strong><em>αύτοῑς</em></strong></span> <span class='ocrx_word' id='word_1_306' title='bbox 1444 3356 1694 3444; x_wconf 81' lang='grc' dir='ltr'><strong><em>συνηριθμεῖτο.</em></strong></span> 
     </span>
     <span class='ocr_line' id='line_1_33' title="bbox 978 3443 1697 3533; baseline -0.008 -19"><span class='ocrx_word' id='word_1_307' title='bbox 978 3448 1213 3533; x_wconf 80' lang='grc' dir='ltr'><strong><em>νομοφύλακες</em></strong></span> <span class='ocrx_word' id='word_1_308' title='bbox 1250 3447 1286 3514; x_wconf 77' lang='lat' dir='ltr'><strong>et</strong></span> <span class='ocrx_word' id='word_1_309' title='bbox 1321 3447 1402 3513; x_wconf 85' lang='grc' dir='ltr'><strong><em>κατὰ</em></strong></span> <span class='ocrx_word' id='word_1_310' title='bbox 1440 3443 1500 3510; x_wconf 88' lang='grc' dir='ltr'><strong>τδν</strong></span> <span class='ocrx_word' id='word_1_311' title='bbox 1541 3444 1697 3532; x_wconf 84' lang='grc' dir='ltr'><strong>Φαληρέα</strong></span> 
     </span>
     <span class='ocr_line' id='line_1_34' title="bbox 206 3528 1696 3629; baseline 0 -30"><span class='ocrx_word' id='word_1_312' title='bbox 206 3528 283 3608; x_wconf 80' lang='grc' dir='ltr'><strong><em>τοὺς</em></strong></span> <span class='ocrx_word' id='word_1_313' title='bbox 306 3529 615 3622; x_wconf 79' lang='grc' dir='ltr'><strong><em>ἐπιμελησομένους</em></strong></span> <span class='ocrx_word' id='word_1_314' title='bbox 637 3537 703 3601; x_wconf 79' lang='grc' dir='ltr'><strong>τάν</strong></span> <span class='ocrx_word' id='word_1_315' title='bbox 726 3535 763 3602; x_wconf 81' lang='grc' dir='ltr'><strong>δν</strong></span> <span class='ocrx_word' id='word_1_316' title='bbox 787 3540 832 3620; x_wconf 77' lang='grc' dir='ltr'><strong><em>τῳ</em></strong></span> <span class='ocrx_word' id='word_1_317' title='bbox 853 3537 925 3604; x_wconf 85' lang='grc' dir='ltr'><strong><em>δοσ-</em></strong></span> <span class='ocrx_word' id='word_1_318' title='bbox 978 3538 1298 3629; x_wconf 78' lang='grc' dir='ltr'><strong><em>μετωνομάσθησαν,</em></strong></span> <span class='ocrx_word' id='word_1_319' title='bbox 1323 3536 1548 3619; x_wconf 78' lang='grc' dir='ltr'><strong><em>ἐπεμελοῦντο</em></strong></span> <span class='ocrx_word' id='word_1_320' title='bbox 1572 3532 1609 3599; x_wconf 75' lang='grc' dir='ltr'><strong>δέ</strong></span> <span class='ocrx_word' id='word_1_321' title='bbox 1632 3536 1696 3599; x_wconf 77' lang='grc' dir='ltr'><strong><em>τοῖν</em></strong></span> 
     </span>
     <span class='ocr_line' id='line_1_35' title="bbox 206 3620 1698 3735; baseline -0.011 -30"><span class='ocrx_word' id='word_1_322' title='bbox 206 3623 371 3735; x_wconf 68' lang='grc' dir='ltr'><strong><em>μωῐηρίφ,</em></strong></span> <span class='ocrx_word' id='word_1_323' title='bbox 401 3621 458 3690; x_wconf 67' lang='grc' dir='ltr'><strong>καὶ</strong></span> <span class='ocrx_word' id='word_1_324' title='bbox 486 3623 563 3701; x_wconf 62' lang='grc' dir='ltr'><strong><em>τοὺς</em></strong></span> <span class='ocrx_word' id='word_1_325' title='bbox 596 3620 828 3710; x_wconf 67' lang='grc' dir='ltr'><strong><em>ἅπανθμένονς</em></strong></span> <span class='ocrx_word' id='word_1_326' title='bbox 856 3627 925 3694; x_wconf 83' lang='grc' dir='ltr'><strong>κλέ-</strong></span> <span class='ocrx_word' id='word_1_327' title='bbox 979 3626 1016 3694; x_wconf 82' lang='grc' dir='ltr'><strong>ἀν</strong></span> <span class='ocrx_word' id='word_1_328' title='bbox 1033 3631 1079 3713; x_wconf 78' lang='grc' dir='ltr'><strong><em>τῳ</em></strong></span> <span class='ocrx_word' id='word_1_329' title='bbox 1093 3629 1315 3718; x_wconf 81' lang='grc' dir='ltr'><strong><em>δεσμωτηρίῳ,</em></strong></span> <span class='ocrx_word' id='word_1_330' title='bbox 1340 3627 1395 3694; x_wconf 87' lang='grc' dir='ltr'><strong><em>καὶ</em></strong></span> <span class='ocrx_word' id='word_1_331' title='bbox 1410 3622 1540 3713; x_wconf 82' lang='grc' dir='ltr'><strong><em>ἀπῆγον</em></strong></span> <span class='ocrx_word' id='word_1_332' title='bbox 1559 3623 1698 3699; x_wconf 88' lang='grc' dir='ltr'><strong>κλέπτας</strong></span> 
     </span>
     <span class='ocr_line' id='line_1_36' title="bbox 208 3709 1698 3806; baseline 0.001 -30"><span class='ocrx_word' id='word_1_333' title='bbox 208 3733 291 3784; x_wconf 88' lang='grc' dir='ltr'><strong>πτας</strong></span> <span class='ocrx_word' id='word_1_334' title='bbox 313 3734 368 3778; x_wconf 91' lang='grc' dir='ltr'><strong><em>και</em></strong></span> <span class='ocrx_word' id='word_1_335' title='bbox 390 3711 469 3787; x_wconf 80' lang='grc' dir='ltr'><strong><em>τούς</em></strong></span> <span class='ocrx_word' id='word_1_336' title='bbox 491 3709 755 3802; x_wconf 78' lang='grc' dir='ltr'><strong><em>ἀνδραποδιστὰς</em></strong></span> <span class='ocrx_word' id='word_1_337' title='bbox 770 3714 826 3783; x_wconf 82' lang='grc' dir='ltr'><strong><em>καὶ</em></strong></span> <span class='ocrx_word' id='word_1_338' title='bbox 848 3716 926 3795; x_wconf 77' lang='grc' dir='ltr'><strong><em>τούς</em></strong></span> <span class='ocrx_word' id='word_1_339' title='bbox 979 3713 1242 3806; x_wconf 83' lang='grc' dir='ltr'><strong><em>ἀνδραποδιστὰς</em></strong></span> <span class='ocrx_word' id='word_1_340' title='bbox 1263 3718 1467 3804; x_wconf 81' lang='grc' dir='ltr'><strong><em>λωποδύτας,</em></strong></span> <span class='ocrx_word' id='word_1_341' title='bbox 1490 3712 1521 3780; x_wconf 83' lang='grc' dir='ltr'><strong>οδ</strong></span> <span class='ocrx_word' id='word_1_342' title='bbox 1539 3712 1603 3797; x_wconf 79' lang='grc' dir='ltr'><strong>μὲν</strong></span> <span class='ocrx_word' id='word_1_343' title='bbox 1617 3711 1698 3795; x_wconf 84' lang='grc' dir='ltr'><strong><em>δμο-</em></strong></span> 
     </span>
     <span class='ocr_line' id='line_1_37' title="bbox 207 3799 1698 3899; baseline -0.008 -20"><span class='ocrx_word' id='word_1_344' title='bbox 207 3800 409 3893; x_wconf 69' lang='grc' dir='ltr'><strong><em>λωποδύτας,</em></strong></span> <span class='ocrx_word' id='word_1_345' title='bbox 432 3799 474 3869; x_wconf 75' lang='grc' dir='ltr'><strong>ἂν</strong></span> <span class='ocrx_word' id='word_1_346' title='bbox 489 3803 552 3887; x_wconf 73' lang='grc' dir='ltr'><strong>μὲν</strong></span> <span class='ocrx_word' id='word_1_347' title='bbox 570 3800 767 3890; x_wconf 74' lang='grc' dir='ltr'><strong><em>ὁμολογῶσι,</em></strong></span> <span class='ocrx_word' id='word_1_348' title='bbox 793 3807 925 3893; x_wconf 89' lang='grc' dir='ltr'><strong><em>θανάτῳ</em></strong></span> <span class='ocrx_word' id='word_1_349' title='bbox 980 3808 1124 3899; x_wconf 76' lang='grc' dir='ltr'><strong><em>λογοῖον,</em></strong></span> <span class='ocrx_word' id='word_1_350' title='bbox 1148 3809 1406 3890; x_wconf 80' lang='grc' dir='ltr'><strong><em>θανατώσουτες,</em></strong></span> <span class='ocrx_word' id='word_1_351' title='bbox 1430 3803 1461 3872; x_wconf 79' lang='grc' dir='ltr'><strong>εἰ</strong></span> <span class='ocrx_word' id='word_1_352' title='bbox 1480 3804 1517 3870; x_wconf 79' lang='grc' dir='ltr'><strong>δέ</strong></span> <span class='ocrx_word' id='word_1_353' title='bbox 1533 3803 1590 3892; x_wconf 79' lang='grc' dir='ltr'><strong><em>μη,</em></strong></span> <span class='ocrx_word' id='word_1_354' title='bbox 1612 3800 1698 3868; x_wconf 84' lang='grc' dir='ltr'><strong><em>οἰσύ-</em></strong></span> 
     </span>
     <span class='ocr_line' id='line_1_38' title="bbox 206 3890 1698 3987; baseline 0 -30"><span class='ocrx_word' id='word_1_355' title='bbox 206 3891 442 3981; x_wconf 77' lang='grc' dir='ltr'><strong><em>’ζημιιύσοντας,</em></strong></span> <span class='ocrx_word' id='word_1_356' title='bbox 467 3890 509 3960; x_wconf 87' lang='grc' dir='ltr'><strong>ἀν</strong></span> <span class='ocrx_word' id='word_1_357' title='bbox 533 3891 824 3984; x_wconf 76' lang='grc' dir='ltr'><strong><em>δ’ἀμῳισβητυῐσιν,</em></strong></span> <span class='ocrx_word' id='word_1_358' title='bbox 840 3896 927 3965; x_wconf 78' lang='lat' dir='ltr'><strong>elod-</strong></span> <span class='ocrx_word' id='word_1_359' title='bbox 981 3899 1093 3976; x_wconf 81' lang='grc' dir='ltr'><strong><em>ξοντες</em></strong></span> <span class='ocrx_word' id='word_1_360' title='bbox 1115 3895 1165 3972; x_wconf 74' lang='grc' dir='ltr'><strong>εἰς’</strong></span> <span class='ocrx_word' id='word_1_361' title='bbox 1185 3900 1223 3964; x_wconf 87' lang='grc' dir='ltr'><strong><em>τὰ</em></strong></span> <span class='ocrx_word' id='word_1_362' title='bbox 1246 3897 1449 3987; x_wconf 72' lang='grc' dir='ltr'><strong><em>δικαστήρια,</em></strong></span> <span class='ocrx_word' id='word_1_363' title='bbox 1478 3891 1541 3961; x_wconf 89' lang='grc' dir='ltr'><strong><em>κάν</em></strong></span> <span class='ocrx_word' id='word_1_364' title='bbox 1565 3890 1698 3976; x_wconf 74' lang='grc' dir='ltr'><strong><em>ἁλῶσιν,</em></strong></span> 
     </span>
     <span class='ocr_line' id='line_1_39' title="bbox 208 3978 1698 4075; baseline 0.002 -30"><span class='ocrx_word' id='word_1_365' title='bbox 208 4003 326 4064; x_wconf 83' lang='grc' dir='ltr'><strong><em>γοντας</em></strong></span> <span class='ocrx_word' id='word_1_366' title='bbox 360 3978 408 4057; x_wconf 76' lang='grc' dir='ltr'><strong>οἷς</strong></span> <span class='ocrx_word' id='word_1_367' title='bbox 440 3983 477 4051; x_wconf 76' lang='lat' dir='ltr'><strong>od</strong></span> <span class='ocrx_word' id='word_1_368' title='bbox 508 3985 729 4075; x_wconf 77' lang='grc' dir='ltr'><strong><em>δικαστήριον,</em></strong></span> <span class='ocrx_word' id='word_1_369' title='bbox 768 3984 831 4053; x_wconf 87' lang='grc' dir='ltr'><strong>κάν</strong></span> <span class='ocrx_word' id='word_1_370' title='bbox 864 3988 927 4071; x_wconf 82' lang='grc' dir='ltr'><strong>μέν</strong></span> <span class='ocrx_word' id='word_1_371' title='bbox 981 3986 1253 4063; x_wconf 80' lang='grc' dir='ltr'><strong><em>ἀποκτενοῖντος,</em></strong></span> <span class='ocrx_word' id='word_1_372' title='bbox 1289 3992 1350 4055; x_wconf 89' lang='grc' dir='ltr'><strong><em>τού</em></strong></span> <span class='ocrx_word' id='word_1_373' title='bbox 1377 3986 1413 4054; x_wconf 76' lang='grc' dir='ltr'><strong>δέ</strong></span> <span class='ocrx_word' id='word_1_374' title='bbox 1441 3984 1698 4072; x_wconf 74' lang='grc' dir='ltr'><strong><em>νομοφυλακίαν</em></strong></span> 
     </span>
     <span class='ocr_line' id='line_1_40' title="bbox 207 4068 1698 4167; baseline 0.001 -29"><span class='ocrx_word' id='word_1_375' title='bbox 207 4068 439 4156; x_wconf 85' lang='grc' dir='ltr'><strong><em>ἀποφύγωσιν,</em></strong></span> <span class='ocrx_word' id='word_1_376' title='bbox 456 4072 658 4167; x_wconf 77' lang='grc' dir='ltr'><strong><em>ἀφήσοντος,</em></strong></span> <span class='ocrx_word' id='word_1_377' title='bbox 681 4072 713 4142; x_wconf 80' lang='lat' dir='ltr'><strong>al</strong></span> <span class='ocrx_word' id='word_1_378' title='bbox 727 4075 763 4142; x_wconf 74' lang='grc' dir='ltr'><strong>δέ</strong></span> <span class='ocrx_word' id='word_1_379' title='bbox 777 4076 836 4167; x_wconf 79' lang='grc' dir='ltr'><strong><em>μή,</em></strong></span> <span class='ocrx_word' id='word_1_380' title='bbox 853 4077 928 4144; x_wconf 80' lang='grc' dir='ltr'><strong><em>τύτο</em></strong></span> <span class='ocrx_word' id='word_1_381' title='bbox 981 4077 1072 4164; x_wconf 92' lang='grc' dir='ltr'><strong><em>θύρα</em></strong></span> <span class='ocrx_word' id='word_1_382' title='bbox 1098 4082 1159 4164; x_wconf 89' lang='grc' dir='ltr'><strong><em>μία</em></strong></span> <span class='ocrx_word' id='word_1_383' title='bbox 1185 4079 1371 4166; x_wconf 82' lang='grc' dir='ltr'><strong><em>χαριύνοιον</em></strong></span> <span class='ocrx_word' id='word_1_384' title='bbox 1401 4078 1562 4157; x_wconf 75' lang='grc' dir='ltr'><strong><em>ἐκαλεῖτο,</em></strong></span> <span class='ocrx_word' id='word_1_385' title='bbox 1589 4071 1632 4141; x_wconf 87' lang='grc' dir='ltr'><strong>δι’</strong></span> <span class='ocrx_word' id='word_1_386' title='bbox 1659 4073 1698 4162; x_wconf 78' lang='grc' dir='ltr'><strong>ῆς</strong></span> 
     </span>
     <span class='ocr_line' id='line_1_41' title="bbox 208 4162 1481 4257; baseline -0.004 -15"><span class='ocrx_word' id='word_1_387' title='bbox 208 4162 473 4240; x_wconf 62' lang='lat' dir='ltr'><strong>cavacurtem,</strong></span> <span class='ocrx_word' id='word_1_388' title='bbox 781 4222 784 4226; x_wconf 83' lang='lat'><strong>.</strong></span> <span class='ocrx_word' id='word_1_389' title='bbox 981 4168 1042 4257; x_wconf 75' lang='grc' dir='ltr'><strong>τὴν</strong></span> <span class='ocrx_word' id='word_1_390' title='bbox 1065 4167 1122 4235; x_wconf 75' lang='grc' dir='ltr'><strong>ἐπὶ</strong></span> <span class='ocrx_word' id='word_1_391' title='bbox 1145 4169 1278 4254; x_wconf 80' lang='grc' dir='ltr'><strong><em>θανάτῳ</em></strong></span> <span class='ocrx_word' id='word_1_392' title='bbox 1301 4166 1481 4257; x_wconf 77' lang='grc' dir='ltr'><strong><em>ἀπήγοντο.</em></strong></span> 
     </span>
    </p>
   </div>
   <div class='ocr_carea' id='block_1_8' title="bbox 208 4299 1701 4657">
    <p class='ocr_par' dir='ltr' id='par_1_10' title="bbox 208 4299 1701 4657">
     <span class='ocr_line' id='line_1_42' title="bbox 314 4299 1700 4386; baseline 0.001 -20"><span class='ocrx_word' id='word_1_393' title='bbox 314 4299 435 4367; x_wconf 87' lang='lat' dir='ltr'><strong>Pollux</strong></span> <span class='ocrx_word' id='word_1_394' title='bbox 457 4301 617 4386; x_wconf 84' lang='lat' dir='ltr'><strong>principio</strong></span> <span class='ocrx_word' id='word_1_395' title='bbox 642 4303 799 4370; x_wconf 84' lang='lat' dir='ltr'><strong>certiores</strong></span> <span class='ocrx_word' id='word_1_396' title='bbox 821 4322 882 4370; x_wconf 89' lang='lat' dir='ltr'><strong>noe</strong></span> <span class='ocrx_word' id='word_1_397' title='bbox 904 4303 984 4370; x_wconf 84' lang='lat' dir='ltr'><strong>facit</strong></span> <span class='ocrx_word' id='word_1_398' title='bbox 1005 4304 1244 4371; x_wconf 83' lang='lat' dir='ltr'><strong>undecimviroe</strong></span> <span class='ocrx_word' id='word_1_399' title='bbox 1272 4308 1361 4370; x_wconf 86' lang='lat' dir='ltr'><strong>sorte</strong></span> <span class='ocrx_word' id='word_1_400' title='bbox 1384 4304 1490 4370; x_wconf 88' lang='lat' dir='ltr'><strong>creari</strong></span> <span class='ocrx_word' id='word_1_401' title='bbox 1514 4302 1658 4384; x_wconf 78' lang='lat' dir='ltr'><strong>singulos</strong></span> <span class='ocrx_word' id='word_1_402' title='bbox 1682 4323 1700 4368; x_wconf 91' lang='lat' dir='ltr'><strong>e</strong></span> 
     </span>
     <span class='ocr_line' id='line_1_43' title="bbox 208 4389 1700 4477; baseline 0 -21"><span class='ocrx_word' id='word_1_403' title='bbox 208 4389 344 4473; x_wconf 76' lang='lat' dir='ltr'><strong>singulis</strong></span> <span class='ocrx_word' id='word_1_404' title='bbox 372 4391 533 4474; x_wconf 82' lang='lat' dir='ltr'><strong>tribubus,</strong></span> <span class='ocrx_word' id='word_1_405' title='bbox 569 4391 687 4476; x_wconf 84' lang='lat' dir='ltr'><strong>quibua</strong></span> <span class='ocrx_word' id='word_1_406' title='bbox 720 4413 781 4476; x_wconf 91' lang='lat' dir='ltr'><strong>pro</strong></span> <span class='ocrx_word' id='word_1_407' title='bbox 815 4392 986 4460; x_wconf 88' lang='lat' dir='ltr'><strong>undecimo</strong></span> <span class='ocrx_word' id='word_1_408' title='bbox 1015 4393 1124 4460; x_wconf 85' lang='lat' dir='ltr'><strong>scriba</strong></span> <span class='ocrx_word' id='word_1_409' title='bbox 1152 4394 1399 4459; x_wconf 87' lang='lat' dir='ltr'><strong>adnumeretur:</strong></span> <span class='ocrx_word' id='word_1_410' title='bbox 1435 4414 1532 4477; x_wconf 89' lang='lat' dir='ltr'><strong>quarn</strong></span> <span class='ocrx_word' id='word_1_411' title='bbox 1568 4391 1700 4475; x_wconf 91' lang='lat' dir='ltr'><strong>quidem</strong></span> 
     </span>
     <span class='ocr_line' id='line_1_44' title="bbox 209 4478 1701 4566; baseline -0.002 -18"><span class='ocrx_word' id='word_1_412' title='bbox 209 4478 471 4548; x_wconf 79' lang='lat' dir='ltr'><strong>distributionem</strong></span> <span class='ocrx_word' id='word_1_413' title='bbox 510 4502 584 4549; x_wconf 90' lang='lat' dir='ltr'><strong>oum</strong></span> <span class='ocrx_word' id='word_1_414' title='bbox 618 4481 750 4549; x_wconf 80' lang='lat' dir='ltr'><strong>aliunde</strong></span> <span class='ocrx_word' id='word_1_415' title='bbox 785 4483 949 4565; x_wconf 80' lang='lat' dir='ltr'><strong>cognitam</strong></span> <span class='ocrx_word' id='word_1_416' title='bbox 983 4505 1049 4549; x_wconf 93' lang='lat' dir='ltr'><strong>non</strong></span> <span class='ocrx_word' id='word_1_417' title='bbox 1081 4483 1279 4564; x_wconf 80' lang='lat' dir='ltr'><strong>habeamus,</strong></span> <span class='ocrx_word' id='word_1_418' title='bbox 1314 4481 1423 4548; x_wconf 78' lang='lat' dir='ltr'><strong>nescio</strong></span> <span class='ocrx_word' id='word_1_419' title='bbox 1459 4503 1500 4548; x_wconf 90' lang='lat' dir='ltr'><strong>an</strong></span> <span class='ocrx_word' id='word_1_420' title='bbox 1533 4482 1604 4566; x_wconf 84' lang='lat' dir='ltr'><strong>ipae</strong></span> <span class='ocrx_word' id='word_1_421' title='bbox 1637 4479 1701 4547; x_wconf 84' lang='lat' dir='ltr'><strong>sibi</strong></span> 
     </span>
     <span class='ocr_line' id='line_1_45' title="bbox 208 4559 1700 4657; baseline -0.001 -21"><span class='ocrx_word' id='word_1_422' title='bbox 208 4559 393 4652; x_wconf 82' lang='lat' dir='ltr'><strong>finxerit.⁸⁷)</strong></span> <span class='ocrx_word' id='word_1_423' title='bbox 438 4571 619 4639; x_wconf 89' lang='lat' dir='ltr'><strong>Praeterea</strong></span> <span class='ocrx_word' id='word_1_424' title='bbox 651 4578 719 4639; x_wconf 85' lang='lat' dir='ltr'><strong>trae</strong></span> <span class='ocrx_word' id='word_1_425' title='bbox 752 4576 865 4657; x_wconf 81' lang='lat' dir='ltr'><strong>parter</strong></span> <span class='ocrx_word' id='word_1_426' title='bbox 898 4571 1063 4639; x_wconf 82' lang='lat' dir='ltr'><strong>discerno:</strong></span> <span class='ocrx_word' id='word_1_427' title='bbox 1100 4593 1239 4656; x_wconf 88' lang='lat' dir='ltr'><strong>quarum</strong></span> <span class='ocrx_word' id='word_1_428' title='bbox 1272 4570 1381 4638; x_wconf 89' lang='lat' dir='ltr'><strong>media</strong></span> <span class='ocrx_word' id='word_1_429' title='bbox 1412 4571 1610 4638; x_wconf 82' lang='lat' dir='ltr'><strong>adverbum</strong></span> <span class='ocrx_word' id='word_1_430' title='bbox 1632 4569 1700 4636; x_wconf 83' lang='lat' dir='ltr'><strong>fere</strong></span> 
     </span>
    </p>
   </div>
   <div class='ocr_carea' id='block_1_9' title="bbox 210 4708 528 4720">
    <p class='ocr_par' dir='ltr' id='par_1_11' title="bbox 210 4708 528 4720">
     <span class='ocr_line' id='line_1_46' title="bbox 210 4708 528 4720; baseline 0.006 -5"><span class='ocrx_word' id='word_1_431' title='bbox 210 4708 380 4719; x_wconf 68' lang='lat'><strong>——-.-0-...-</strong></span> <span class='ocrx_word' id='word_1_432' title='bbox 389 4713 422 4719; x_wconf 81' lang='grc'><strong>..-</strong></span> <span class='ocrx_word' id='word_1_433' title='bbox 427 4713 459 4719; x_wconf 78' lang='grc'><strong>..-</strong></span> <span class='ocrx_word' id='word_1_434' title='bbox 464 4714 470 4719; x_wconf 91' lang='grc'>.</span> <span class='ocrx_word' id='word_1_435' title='bbox 478 4713 528 4720; x_wconf 73' lang='lat'><em>....-</em></span> 
     </span>
    </p>
   </div>
   <div class='ocr_carea' id='block_1_10' title="bbox 208 4777 1701 5275">
    <p class='ocr_par' dir='ltr' id='par_1_12' title="bbox 311 4777 1568 4854">
     <span class='ocr_line' id='line_1_47' title="bbox 311 4777 1568 4854; baseline -0.002 -16"><span class='ocrx_word' id='word_1_436' title='bbox 311 4779 343 4849; x_wconf 80' lang='lat'><strong>⁸⁴)</strong></span> <span class='ocrx_word' id='word_1_437' title='bbox 362 4783 440 4838; x_wconf 86' lang='lat' dir='ltr'><strong>Haeo</strong></span> <span class='ocrx_word' id='word_1_438' title='bbox 458 4799 493 4840; x_wconf 84' lang='lat' dir='ltr'><strong>ex</strong></span> <span class='ocrx_word' id='word_1_439' title='bbox 512 4782 695 4840; x_wconf 80' lang='lat' dir='ltr'><strong>Androtiouia</strong></span> <span class='ocrx_word' id='word_1_440' title='bbox 713 4780 831 4838; x_wconf 80' lang='lat' dir='ltr'><strong>Atthide</strong></span> <span class='ocrx_word' id='word_1_441' title='bbox 850 4785 965 4851; x_wconf 85' lang='lat' dir='ltr'><strong>arrepta</strong></span> <span class='ocrx_word' id='word_1_442' title='bbox 983 4786 1054 4840; x_wconf 80' lang='lat' dir='ltr'><strong>eunt.</strong></span> <span class='ocrx_word' id='word_1_443' title='bbox 1082 4781 1116 4839; x_wconf 83' lang='lat' dir='ltr'><strong>ot&#39;.</strong></span> <span class='ocrx_word' id='word_1_444' title='bbox 1134 4784 1300 4854; x_wconf 69' lang='lat' dir='ltr'><strong>Harpocrat-</strong></span> <span class='ocrx_word' id='word_1_445' title='bbox 1328 4796 1351 4840; x_wconf 82' lang='lat' dir='ltr'><strong>r.</strong></span> <span class='ocrx_word' id='word_1_446' title='bbox 1370 4798 1397 4837; x_wconf 84' lang='lat' dir='ltr'><strong>v.</strong></span> <span class='ocrx_word' id='word_1_447' title='bbox 1417 4777 1568 4836; x_wconf 72' lang='grc' dir='ltr'><strong>δικοδίκιαι.</strong></span> 
     </span>
    </p>

    <p class='ocr_par' dir='ltr' id='par_1_13' title="bbox 210 4851 1700 5000">
     <span class='ocr_line' id='line_1_48' title="bbox 316 4851 1700 4927; baseline -0.002 -16"><span class='ocrx_word' id='word_1_448' title='bbox 316 4851 349 4921; x_wconf 82' lang='lat'><strong>⁸⁸)</strong></span> <span class='ocrx_word' id='word_1_449' title='bbox 368 4856 436 4912; x_wconf 87' lang='lat' dir='ltr'><strong>Port</strong></span> <span class='ocrx_word' id='word_1_450' title='bbox 454 4860 498 4909; x_wconf 71' lang='grc' dir='ltr'><strong>ναι</strong></span> <span class='ocrx_word' id='word_1_451' title='bbox 512 4856 563 4909; x_wconf 70' lang='grc' dir='ltr'><strong>τοι</strong></span> <span class='ocrx_word' id='word_1_452' title='bbox 581 4855 719 4927; x_wconf 88' lang='lat' dir='ltr'><strong>quomodo</strong></span> <span class='ocrx_word' id='word_1_453' title='bbox 731 4870 805 4926; x_wconf 86' lang='lat' dir='ltr'><strong>quae</strong></span> <span class='ocrx_word' id='word_1_454' title='bbox 823 4853 1017 4911; x_wconf 82' lang='lat' dir='ltr'><strong>interciderint</strong></span> <span class='ocrx_word' id='word_1_455' title='bbox 1033 4854 1190 4926; x_wconf 77' lang='lat' dir='ltr'><strong>supplenda</strong></span> <span class='ocrx_word' id='word_1_456' title='bbox 1207 4856 1272 4925; x_wconf 82' lang='lat' dir='ltr'><strong>alut,</strong></span> <span class='ocrx_word' id='word_1_457' title='bbox 1290 4853 1412 4912; x_wconf 91' lang='lat' dir='ltr'><strong>nondum</strong></span> <span class='ocrx_word' id='word_1_458' title='bbox 1429 4854 1503 4909; x_wconf 87' lang='lat' dir='ltr'><strong>inter</strong></span> <span class='ocrx_word' id='word_1_459' title='bbox 1515 4854 1590 4909; x_wconf 85' lang='lat' dir='ltr'><strong>vlroe</strong></span> <span class='ocrx_word' id='word_1_460' title='bbox 1602 4852 1700 4910; x_wconf 80' lang='lat' dir='ltr'><strong>doctor</strong></span> 
     </span>
     <span class='ocr_line' id='line_1_49' title="bbox 210 4924 1495 5000; baseline 0 -20"><span class='ocrx_word' id='word_1_461' title='bbox 210 4928 336 4996; x_wconf 79' lang='lat' dir='ltr'><strong>oomtat3</strong></span> <span class='ocrx_word' id='word_1_462' title='bbox 355 4927 384 4981; x_wconf 86' lang='lat' dir='ltr'><strong>id</strong></span> <span class='ocrx_word' id='word_1_463' title='bbox 401 4931 497 4983; x_wconf 87' lang='lat' dir='ltr'><strong>autem</strong></span> <span class='ocrx_word' id='word_1_464' title='bbox 515 4932 636 4998; x_wconf 81' lang='lat' dir='ltr'><strong>apparet</strong></span> <span class='ocrx_word' id='word_1_465' title='bbox 654 4930 688 4980; x_wconf 75' lang='grc' dir='ltr'><strong><em>τὰ</em></strong></span> <span class='ocrx_word' id='word_1_466' title='bbox 707 4931 890 4998; x_wconf 59' lang='lat' dir='ltr'><strong>antwerpam,</strong></span> <span class='ocrx_word' id='word_1_467' title='bbox 910 4926 985 5000; x_wconf 90' lang='lat' dir='ltr'><strong>quod</strong></span> <span class='ocrx_word' id='word_1_468' title='bbox 1003 4933 1049 4983; x_wconf 87' lang='lat' dir='ltr'><strong>ert</strong></span> <span class='ocrx_word' id='word_1_469' title='bbox 1066 4928 1194 4997; x_wconf 77' lang='lat' dir='ltr'><strong>Pollucis,</strong></span> <span class='ocrx_word' id='word_1_470' title='bbox 1212 4926 1306 4985; x_wconf 78' lang='lat' dir='ltr'><strong>rennui</strong></span> <span class='ocrx_word' id='word_1_471' title='bbox 1324 4924 1495 4984; x_wconf 73' lang='lat' dir='ltr'><strong>ratiafaoere.</strong></span> 
     </span>
    </p>

    <p class='ocr_par' dir='ltr' id='par_1_14' title="bbox 312 4997 1700 5070">
     <span class='ocr_line' id='line_1_50' title="bbox 312 4997 1700 5070; baseline 0 -17"><span class='ocrx_word' id='word_1_472' title='bbox 312 4997 344 5064; x_wconf 76' lang='lat'><strong>⁸⁶)</strong></span> <span class='ocrx_word' id='word_1_473' title='bbox 362 4998 397 5054; x_wconf 87' lang='lat' dir='ltr'><strong>of.</strong></span> <span class='ocrx_word' id='word_1_474' title='bbox 417 4999 446 5056; x_wconf 82' lang='lat'><strong>0.</strong></span> <span class='ocrx_word' id='word_1_475' title='bbox 464 4999 492 5056; x_wconf 81' lang='lat' dir='ltr'><strong>J.</strong></span> <span class='ocrx_word' id='word_1_476' title='bbox 510 4999 544 5055; x_wconf 76' lang='grc' dir='ltr'><strong>Δ.</strong></span> <span class='ocrx_word' id='word_1_477' title='bbox 562 5001 591 5056; x_wconf 89' lang='lat'><strong>11</strong></span> <span class='ocrx_word' id='word_1_478' title='bbox 618 5002 674 5070; x_wconf 77' lang='lat' dir='ltr'><strong>2p.</strong></span> <span class='ocrx_word' id='word_1_479' title='bbox 688 4999 740 5055; x_wconf 72' lang='lat'><strong>257</strong></span> <span class='ocrx_word' id='word_1_480' title='bbox 753 4998 805 5056; x_wconf 89' lang='lat' dir='ltr'><strong>ool.</strong></span> <span class='ocrx_word' id='word_1_481' title='bbox 819 5015 842 5056; x_wconf 81' lang='lat' dir='ltr'><strong>a</strong></span> <span class='ocrx_word' id='word_1_482' title='bbox 855 5015 896 5056; x_wconf 86' lang='lat' dir='ltr'><strong>ve.</strong></span> <span class='ocrx_word' id='word_1_483' title='bbox 911 5001 963 5055; x_wconf 81' lang='lat'><strong>131</strong></span> <span class='ocrx_word' id='word_1_484' title='bbox 977 5005 1007 5055; x_wconf 88' lang='lat' dir='ltr'><strong>et</strong></span> <span class='ocrx_word' id='word_1_485' title='bbox 1020 5001 1080 5069; x_wconf 81' lang='lat'>143,</span> <span class='ocrx_word' id='word_1_486' title='bbox 1100 4999 1148 5056; x_wconf 91' lang='lat' dir='ltr'><strong>ubi</strong></span> <span class='ocrx_word' id='word_1_487' title='bbox 1166 4999 1258 5057; x_wconf 86' lang='lat' dir='ltr'><strong>ecrlba</strong></span> <span class='ocrx_word' id='word_1_488' title='bbox 1275 4998 1328 5054; x_wconf 76' lang='grc' dir='ltr'><strong>τῶν</strong></span> <span class='ocrx_word' id='word_1_489' title='bbox 1347 5002 1436 5054; x_wconf 68' lang='lat' dir='ltr'><strong>letrau</strong></span> <span class='ocrx_word' id='word_1_490' title='bbox 1463 5001 1700 5054; x_wconf 86' lang='lat' dir='ltr'><strong>commemoratur.</strong></span> 
     </span>
    </p>

    <p class='ocr_par' dir='ltr' id='par_1_15' title="bbox 208 5068 1701 5275">
     <span class='ocr_line' id='line_1_51' title="bbox 310 5068 1701 5142; baseline -0.002 -14"><span class='ocrx_word' id='word_1_491' title='bbox 310 5069 344 5138; x_wconf 85' lang='lat'><strong>⁸⁷)</strong></span> <span class='ocrx_word' id='word_1_492' title='bbox 362 5071 418 5128; x_wconf 83' lang='lat' dir='ltr'><strong>cur</strong></span> <span class='ocrx_word' id='word_1_493' title='bbox 445 5086 507 5127; x_wconf 89' lang='lat' dir='ltr'><strong>oum</strong></span> <span class='ocrx_word' id='word_1_494' title='bbox 525 5071 738 5128; x_wconf 80' lang='lat' dir='ltr'><strong>Wilumowituio</strong></span> <span class='ocrx_word' id='word_1_495' title='bbox 754 5071 784 5139; x_wconf 90' lang='lat' dir='ltr'><strong>(l.</strong></span> <span class='ocrx_word' id='word_1_496' title='bbox 802 5073 819 5130; x_wconf 94' lang='lat' dir='ltr'><strong>l.</strong></span> <span class='ocrx_word' id='word_1_497' title='bbox 833 5073 846 5129; x_wconf 91' lang='grc' dir='ltr'>Ι</span> <span class='ocrx_word' id='word_1_498' title='bbox 859 5073 922 5136; x_wconf 77' lang='grc'>296)</span> <span class='ocrx_word' id='word_1_499' title='bbox 951 5075 1110 5129; x_wconf 74' lang='lat' dir='ltr'><strong>statuamus</strong></span> <span class='ocrx_word' id='word_1_500' title='bbox 1133 5072 1251 5142; x_wconf 86' lang='lat' dir='ltr'><strong>primunr</strong></span> <span class='ocrx_word' id='word_1_501' title='bbox 1268 5073 1356 5129; x_wconf 83' lang='lat' dir='ltr'><strong>totino</strong></span> <span class='ocrx_word' id='word_1_502' title='bbox 1380 5070 1433 5128; x_wconf 90' lang='lat' dir='ltr'><strong>looi</strong></span> <span class='ocrx_word' id='word_1_503' title='bbox 1460 5068 1635 5127; x_wconf 87' lang='lat' dir='ltr'><strong>enuntiatum</strong></span> <span class='ocrx_word' id='word_1_504' title='bbox 1663 5069 1701 5125; x_wconf 87' lang='lat' dir='ltr'><strong>ad</strong></span> 
     </span>
     <span class='ocr_line' id='line_1_52' title="bbox 208 5138 1701 5217; baseline 0 -17"><span class='ocrx_word' id='word_1_505' title='bbox 208 5148 320 5214; x_wconf 85' lang='lat' dir='ltr'><strong>tempue</strong></span> <span class='ocrx_word' id='word_1_506' title='bbox 337 5142 483 5200; x_wconf 87' lang='lat' dir='ltr'><strong>duodecim</strong></span> <span class='ocrx_word' id='word_1_507' title='bbox 500 5143 623 5201; x_wconf 83' lang='lat' dir='ltr'><strong>tribuum</strong></span> <span class='ocrx_word' id='word_1_508' title='bbox 640 5149 769 5215; x_wconf 77' lang='lat' dir='ltr'><strong>opacare</strong></span> <span class='ocrx_word' id='word_1_509' title='bbox 781 5144 901 5217; x_wconf 87' lang='lat' dir='ltr'><strong>ideoque</strong></span> <span class='ocrx_word' id='word_1_510' title='bbox 912 5144 951 5202; x_wconf 85' lang='lat' dir='ltr'><strong>ad</strong></span> <span class='ocrx_word' id='word_1_511' title='bbox 963 5145 1128 5216; x_wconf 73' lang='lat' dir='ltr'><strong>scriptorem</strong></span> <span class='ocrx_word' id='word_1_512' title='bbox 1138 5150 1205 5216; x_wconf 83' lang='lat' dir='ltr'><strong>poet</strong></span> <span class='ocrx_word' id='word_1_513' title='bbox 1217 5159 1320 5203; x_wconf 84' lang='lat' dir='ltr'><strong>anuum</strong></span> <span class='ocrx_word' id='word_1_514' title='bbox 1333 5144 1387 5201; x_wconf 76' lang='lat'><strong>807</strong></span> <span class='ocrx_word' id='word_1_515' title='bbox 1399 5158 1426 5203; x_wconf 71' lang='lat' dir='ltr'><strong>a</strong></span> <span class='ocrx_word' id='word_1_516' title='bbox 1439 5141 1502 5200; x_wconf 82' lang='lat' dir='ltr'><strong>chr.</strong></span> <span class='ocrx_word' id='word_1_517' title='bbox 1515 5157 1542 5197; x_wconf 92' lang='lat' dir='ltr'><strong>u.</strong></span> <span class='ocrx_word' id='word_1_518' title='bbox 1555 5138 1701 5200; x_wconf 71' lang='lat' dir='ltr'><strong>nomnen</strong></span> 
     </span>
     <span class='ocr_line' id='line_1_53' title="bbox 208 5212 1652 5275; baseline 0.001 -1"><span class='ocrx_word' id='word_1_519' title='bbox 208 5212 386 5274; x_wconf 71' lang='lat' dir='ltr'><strong>minuendum</strong></span> <span class='ocrx_word' id='word_1_520' title='bbox 402 5230 466 5274; x_wconf 79' lang='lat' dir='ltr'><strong>erae</strong></span> <span class='ocrx_word' id='word_1_521' title='bbox 484 5217 555 5273; x_wconf 74' lang='lat' dir='ltr'><strong>aetia</strong></span> <span class='ocrx_word' id='word_1_522' title='bbox 572 5230 676 5275; x_wconf 79' lang='grc' dir='ltr'><strong><em>οκοικο</em></strong></span> <span class='ocrx_word' id='word_1_523' title='bbox 692 5231 750 5275; x_wconf 91' lang='lat' dir='ltr'><strong>nou</strong></span> <span class='ocrx_word' id='word_1_524' title='bbox 767 5220 820 5275; x_wconf 69' lang='lat' dir='ltr'><strong>aa</strong></span> <span class='ocrx_word' id='word_1_525' title='bbox 1647 5239 1652 5246; x_wconf 96' lang='lat'><em>·</em></span> 
     </span>
    </p>
   </div>
   <div class='ocr_carea' id='block_1_11' title="bbox 0 0 2189 5820">
    <p class='ocr_par' dir='ltr' id='par_1_16' title="bbox 0 0 2189 5820">
     <span class='ocr_line' id='line_1_54' title="bbox 0 0 2189 5820; baseline 0 0"><span class='ocrx_word' id='word_1_526' title='bbox 0 0 2189 5820; x_wconf 95' lang='lat' dir='ltr'><strong> </strong></span> 
     </span>
    </p>
   </div>
  </div>
 </body>
</html>
