4326 5806
999 330 1019 396 5

904 417 1117 430 -.----

265 546 494 639 buerit,¹)ipse
507 553 621 635 etat
634 551 686 618 his
697 548 805 617 verbis
816 550 954 618 indicat:
978 547 1035 622 τὰς
1046 544 1179 633 δ’άρχὰς
1189 543 1246 618 τὰς
1257 540 1333 632 περὶ
1345 525 1758 649 τὴυδχκάκλιονδιοίκηαιν

268 643 398 721 ἁπάσας
419 645 558 709 ποιοῦσι
581 639 751 729 κληρωτὰς
774 638 861 725 πλὴν
884 642 1003 722 ταμίου
1027 636 1266 725 στρατιωτικῶν
1290 631 1434 700 καὶτῶν
1458 629 1514 698 ἐπί
1536 632 1572 698 τῦ
1592 636 1757 718 θεωρικον

268 733 323 801 καὶ
347 737 409 800 τοῦ
431 735 496 798 τοῖν
521 734 653 820 κρηνῶν
677 729 890 841 ἐπιμελητοῦ.
921 729 1041 804 τοῦτας
1056 728 1317 814 χειροτονοῦσιν,
1342 720 1397 788 καὶ
1414 725 1450 788 ot
1462 726 1758 810 χειροτονηθέντες

268 822 430 910 ἄρχουσιν
454 822 492 887 ἐκ
516 821 765 909 Παναθηναίων
788 841 837 893 εις
855 817 1088 907 Παναθήναια,
1135 817 1367 902 χειροτονοῦσι
1389 811 1425 878 δὲ
1450 810 1504 878 καὶ
1527 813 1584 886 τὰς
1598 810 1684 897 πρὸς
1697 809 1757 876 τῦν

269 920 419 1002 πόλεμον
442 915 580 990 ἁπάσας.
626 918 700 984 Iam
724 938 797 983 cum
821 937 848 983 ο.
872 918 965 1001 43,2
999 944 1044 956 -·
1078 936 1106 981 c.
1129 914 1173 980 59
1196 908 1360 1001 κληρωτοὶ
1383 907 1446 977 ἐπ’
1470 909 1634 977 ἐνιαυτόν.
1660 929 1687 974 ο.
1712 908 1757 975 60

272 1011 433 1106 κληρωτοὶ
456 1015 494 1079 ἐκ
517 1016 768 1102 Παναθηναίων
797 1010 844 1086 εἰς
867 1011 1101 1098 Παναθήναια,
1137 1032 1164 1077 c.
1189 1011 1230 1077 61
1266 1004 1497 1096 χειροτονητοὶ
1524 1006 1576 1071 ἐπ’
1603 1004 1758 1073 ἐνιαυτὸν

268 1116 533 1197 percenseantur,
569 1108 826 1198 χειροτονητοῦς
853 1107 890 1173 ἐκ
913 1111 1163 1197 Παναθηναίων
1198 1103 1245 1179 εἰς
1269 1103 1500 1194 Παναθήναια,
1535 1124 1617 1187 quos
1644 1107 1760 1169 auctor

269 1215 415 1277 tractore
437 1229 503 1274 non
527 1207 632 1275 solum
653 1207 688 1272 in
711 1207 818 1272 animo
841 1204 995 1284 habehat,
1019 1206 1078 1272 sed
1100 1204 1209 1283 etiam,
1233 1209 1272 1268 ut
1293 1198 1348 1267 καὶ
1370 1205 1446 1285 post
1467 1203 1701 1290 χειροτονοῦσι
1722 1197 1759 1264 δὲ

269 1328 297 1374 c.
310 1307 348 1375 61
371 1305 515 1390 positum
539 1303 698 1386 declarat,
709 1301 733 1382 ⁸)
752 1325 866 1370 revera
888 1304 1054 1383 tractavit,
1071 1303 1104 1367 in
1118 1299 1312 1380 Aristotele,
1329 1298 1459 1384 qualem
1482 1319 1568 1365 nunc
1589 1296 1758 1377 habemus,

269 1395 505 1463 desideramus.
531 1386 1759 1477 QuaequidemmateriaedispositioquomodoPollucemdeceperit,²)exeis

271 1491 420 1639 apparet,
447 1503 532 1568 quae
556 1483 597 1549 de
620 1480 808 1548 muneribus
831 1504 946 1549 novem
970 1482 1165 1549 archontum
1188 1471 1207 1562 ἕ
1232 1480 1275 1548 86
1299 1484 1333 1546 et
1356 1470 1375 1560 ἓ
1399 1479 1441 1546 87
1466 1478 1559 1543 dicit:
1585 1473 1639 1542 καὶ
1663 1476 1760 1563 κοινῇ

272 1572 495 1654 μνῖχουσιν
525 1569 677 1648 ἐξουσίαν
707 1570 866 1650 θανάτουΙ
903 1570 962 1636 ἐάν
990 1593 1039 1645 τις
1061 1572 1164 1658 κατίη,
1199 1567 1281 1637 ὅποι
1307 1567 1353 1656 μὴ
1382 1567 1499 1647 ἔξεστι,
1535 1563 1589 1633 καὶ
1612 1566 1760 1654 κληροῦν

269 1660 424 1734 δικαστὰς
447 1657 502 1725 καὶ
524 1659 721 1748 άθλοθίτας,
744 1658 805 1725 ἕνα
828 1659 908 1725 κατὰ
936 1661 1048 1748 φυλὴν
1071 1660 1223 1748 ἑκάστην,
1255 1656 1308 1725 καὶ
1332 1654 1531 1745 στρατηγοὺς
1553 1663 1760 1741 χειροτονεῖν

270 1750 306 1829 ἐξ
321 1747 488 1833 ἁπάντων,
504 1746 557 1815 καὶ
572 1747 647 1813 καθ’
663 1749 805 1839 ἑκάστην
817 1753 1019 1835 πρυτανείαν
1036 1749 1205 1834 ἐπερωτᾶν
1222 1746 1252 1814 εἰ
1267 1749 1361 1815 δοκεῖ
1375 1749 1480 1822 καλῶς
1495 1743 1616 1829 ἄρχειν»
1626 1745 1763 1819 ἕκαστος

272 1838 346 1928 (τὸν
380 1837 762 1927 δ’άποχειροτονηθὲυτα
786 1839 984 1930 κρίνουσιν),
1018 1838 1074 1905 καὶ
1096 1839 1284 1925 ἱππάρχους
1306 1837 1368 1905 δάο
1393 1833 1448 1901 καὶ
1471 1834 1661 1922 φυλάρχους
1683 1834 1762 1903 δέκα

273 1932 328 2000 καὶ
346 1934 547 2023 ταξιάρχους
569 1935 658 2001 δέκα.
705 1936 758 2002 En
788 1937 888 2017 rides,
925 1959 1024 2021 quam
1057 1959 1132 2005 rere
1156 1936 1276 2003 Pollux
1299 1936 1333 2001 in
1362 1934 1502 2019 epistola
1536 1939 1653 2001 octavo
1676 1931 1761 2000 libro

270 2033 453 2117 praemissa
477 2032 628 2099 celeriter
652 2053 687 2099 se
710 2032 793 2100 hoec
817 2034 987 2117 collegisse
1005 2025 1212 2118 scripserit.⁸)
1242 2032 1331 2099 Nam
1347 2053 1420 2097 cum
1444 2029 1532 2115 apud
1547 2027 1763 2096 Aristotelem

272 2143 299 2188 c.
322 2122 412 2188 59.7
436 2122 571 2204 legisset
595 2121 768 2189 archontes
798 2145 912 2190 novem
939 2123 1083 2190 iudicum
1111 2123 1357 2190 heliasticorum
1384 2120 1548 2186 sortitioni
1570 2117 1761 2204 praefuisse,

272 2232 338 2296 qua
368 2216 440 2277 erat
470 2210 677 2294 neglegentia
710 2211 762 2278 vel
795 2213 905 2294 potius
929 2219 1063 2297 stupore
1087 2212 1129 2279 ab
1159 2212 1226 2279 illis
1249 2213 1350 2279 etiam
1371 2208 1561 2285 ἀθλοθέτας
1594 2206 1636 2284 (ο.
1660 2201 1762 2283 60.1)

273 2313 364 2374 sorte
388 2307 514 2387 ductos,
539 2304 749 2392 στρατηγούς,
774 2307 978 2396 ταξιάρχους,
1002 2305 1201 2392 ἱππάρχους,
1226 2306 1418 2391 φυλάρχους
1447 2302 1491 2385 (c.
1516 2297 1572 2384 61)
1604 2304 1763 2388 porrectis

273 2401 425 2469 manibus
449 2409 580 2469 creatos
609 2423 680 2468 essa
703 2401 884 2470 arbitratus
918 2425 995 2470 vera
1017 2404 1148 2470 miscuit
1170 2424 1245 2471 oum
1279 2402 1380 2469 falsis.
1426 2402 1546 2469 Eidem
1573 2401 1675 2467 errori
1705 2399 1762 2466 ob·

273 2494 389 2558 noxius
401 2491 502 2558 verba
513 2490 738 2559 Aristotelisc
762 2492 815 2558 61.
829 2495 849 2558 2
863 2489 1109 2578 ἐπιχειροτονία
1124 2491 1265 2558 δαῦτῦν
1289 2492 1358 2558 ἐστι
1381 2491 1460 2557 κατὰ
1485 2490 1545 2579 τὴν
1562 2490 1763 2573 πρυτανείαν

272 2578 424 2663 εκάστην,
439 2577 469 2645 εί
484 2582 643 2646 δοκοῦσιν
667 2581 772 2654 καλῶς
786 2577 918 2665 ἄρχειν·
943 2579 1004 2646 κάν
1027 2605 1102 2649 τινα
1124 2580 1471 2668 άποχειροτονήσωσιν
1484 2583 1657 2667 κρίνουσιν
1669 2578 1706 2643 ἐν
1718 2580 1763 2660 τῷ

274 2675 472 2765 δικαστηρίῳ
496 2677 560 2743 huc
574 2677 740 2760 pertinere
757 2678 894 2762 putavit.
926 2676 1025 2763 Quod
1048 2684 1158 2746 autem
1181 2681 1231 2747 ius
1255 2679 1406 2764 supplicii
1427 2679 1461 2745 iu
1485 2699 1551 2761 eos,
1576 2677 1632 2760 qui
1648 2674 1763 2741 exsilio

273 2773 405 2839 multati
432 2774 617 2854 rediissent,
653 2795 727 2841 cum
754 2775 805 2841 fas
829 2776 874 2841 eis
902 2797 966 2842 non
990 2781 1086 2858 esset,
1120 2777 1239 2844 Pollux
1267 2798 1379 2843 novem
1404 2774 1616 2841 archontibus
1638 2772 1764 2853 tribuit,

274 2883 348 2928 cum
372 2884 429 2929 sex
451 2863 693 2930 thesmuthetae
716 2869 845 2930 tantum
868 2857 1072 2948 haberent,‘)
1097 2866 1164 2934 alia
1186 2872 1318 2951 praeter
1340 2864 1556 2932 Aristotelem
1579 2865 1619 2930 de
1642 2863 1705 2929 hac
1727 2883 1763 2928 re

275 2951 358 3018 nihil
381 2952 552 3020 docentem
576 2953 741 3038 praesidia
765 2955 794 3019 ei
817 2955 1011 3038 suppetiisse
1034 2962 1138 3040 patet.
1185 2956 1293 3041 Bursy
1315 2956 1337 3022 l.
1354 2955 1376 3020 l.
1394 2977 1428 3039 p.
1446 2956 1490 3021 80
1512 2953 1612 3020 verba
1634 2951 1692 3016 ἐάν
1716 2975 1764 3025 τις

276 3049 380 3134 κατίη,
412 3043 492 3111 ὅποι
514 3045 561 3133 μὴ
586 3048 701 3137 ἔξεστι,
738 3071 822 3134 qnae
846 3051 946 3117 etiam
967 3052 1000 3116 in
1031 3054 1301 3136 quinquagesima
1323 3051 1431 3119 ostam
1452 3051 1529 3118 libri
1556 3048 1763 3134 paragrapho

276 3142 554 3298 ηηρηηὶοξρηίθηηηω
580 3150 719 3228 σιτευτοί,
742 3144 850 3212 lexico
872 3145 921 3212 illi
943 3147 1106 3215 rhetorico
1131 3150 1287 3231 originem
1311 3149 1431 3214 debere
1453 3146 1544 3213 haud
1565 3143 1763 3230 improbabi-

382 3320 458 3387 Hoc
479 3321 553 3387 loco
574 3323 674 3405 igitur
696 3323 816 3390 Pollux
845 3325 1043 3409 gravissimis
1073 3328 1190 3394 erratis
1213 3327 1400 3411 implicatus
1428 3332 1494 3406 est;
1530 3330 1566 3393 at
1593 3346 1642 3404 ea,
1679 3345 1763 3408 quac

277 3409 395 3476 deinde
420 3411 460 3476 de
483 3411 715 3499 thesmothetis¹
734 3411 800 3501 ἰδίᾳ
827 3419 1031 3498 enarrantur,
1056 3417 1178 3501 optime
1202 3438 1236 3484 se
1259 3415 1384 3483 habent
1405 3420 1439 3482 et
1461 3417 1639 3482 maximum
1663 3421 1763 3496 atque

276 3504 448 3573 mirificum
473 3526 546 3574 cum
568 3507 780 3577 Aristoteleis
807 3533 886 3595 prae
910 3533 945 3578 se
972 3512 1082 3580 ferunt
1105 3536 1307 3582 consensum.
1354 3511 1448 3579 Iuvat
1470 3513 1640 3595 utriusque
1664 3511 1763 3595 scrip-

277 3595 360 3662 toris
382 3596 484 3663 rerba
505 3596 597 3663 iuxta
619 3599 728 3681 posito
751 3620 951 3686 comparare.

504 3703 646 3771 Aristot.
664 3726 691 3772 c.
708 3707 763 3773 59.
1242 3707 1328 3775 Poll.
1345 3706 1426 3775 Vlll
1442 3707 1495 3775 87.
1513 3707 1566 3775 88.

279 3781 314 3846 οἱ
327 3781 364 3849 δὲ
386 3786 593 3866 θεσμοθέται
609 3788 742 3872 πρῶτον
757 3786 821 3872 μὲν
836 3791 900 3854 τοῦ
915 3811 993 3874 προ·
1048 3787 1116 3878 ἰδία
1127 3788 1164 3856 δὲ
1180 3789 1291 3870 οἱμὲν
1308 3793 1515 3872 θεσμοθέται
1530 3787 1765 3876 προγράφουσι

278 3871 399 3956 χράφαι
422 3871 461 3937 τὰ
484 3873 679 3963 δικαστήριά
698 3872 762 3942 εἰσι
783 3876 892 3964 κῦριοι
908 3879 994 3943 τίσιν
1049 3878 1132 3944 πότε
1155 3879 1207 3945 δεῖ
1228 3880 1371 3956 δικάζειν
1396 3876 1435 3943 τὰ
1458 3878 1665 3968 δικαστήρια,

285 3956 295 3977 ί

276 3963 416 4046 ημέραις
437 3962 490 4028 δεῖ
502 3965 656 4049 δικάζειν,
672 3965 786 4032 ἔπειτα
801 3969 862 4054 τοῦ
877 3967 995 4031 δοῦναι

279 4058 348 4126 ταῖς
364 4047 494 4134 άρχαῖς·
510 4053 630 4118 καθότι
646 4053 706 4138 γὰρ
719 4052 760 4119 άν
777 4055 872 4120 οῦτοι
883 4056 993 4133 δοῦσιν,

282 4137 364 4205 κατὰ
376 4142 474 4206 τοῦτο
493 4145 645 4227 χρῶνται,
675 4144 724 4209 δτι
739 4142 995 4228 δὲτὰςείσαχχε.
1416 4142 1470 4211 καὶ
1492 4144 1548 4217 τὰς
1565 4130 1765 4227 εἶσαγγθίίᾱζ

277 4347 300 4401 si
341 4347 409 4402 ‘tam
426 4346 532 4404 hustra
549 4349 624 4420 apud
641 4349 715 4406 buno
732 4351 920 4421 quaesiveris:
937 4355 988 4407 aut
1005 4352 1179 4409 librariorum
1198 4357 1247 4408 aut
1265 4352 1384 4408 Pollucis
1401 4351 1489 4407 errori
1506 4366 1541 4408 aa
1552 4349 1702 4408 tribuenda
1713 4356 1765 4408 est

306 4459 312 4473 .
331 4418 494 4476 Aristotelis
512 4424 640 4477 Πολιτεία
657 4420 810 4490 Ἀθηναίων
827 4424 941 4479 tertium
964 4424 1113 4480 ediderunt
1130 4425 1164 4482 G.
1183 4422 1284 4480 Kaibel
1302 4427 1332 4478 et
1347 4423 1380 4480 U.
1395 4422 1430 4479 de
1443 4422 1768 4480 Wilamowttadleellen·

277 4489 347 4548 dori.
366 4505 395 4561 p.
412 4493 457 4547 88.
486 4492 616 4550 Ceterum
642 4494 697 4549 iam
727 4494 838 4551 valent,
869 4495 943 4551 Rosa
970 4494 997 4563 (l.
1016 4496 1033 4551 l.
1053 4513 1079 4566 p.
1098 4496 1163 4562 426)
1192 4495 1389 4552 animadvertit
1410 4499 1524 4551 veteres
1549 4494 1616 4552 inda
1643 4494 1766 4566 aprime

276 4577 305 4630 p.
314 4561 378 4619 Chr.
388 4579 415 4618 n.
425 4563 536 4621 saeculo
545 4566 658 4622 nomina
667 4572 819 4630 auctorum,
830 4566 931 4637 quibus
948 4569 1045 4637 „quasi
1055 4569 1174 4638 quodam
1185 4567 1366 4624 fundamento
1378 4568 1466 4623 omnis
1478 4582 1565 4637 opera
1574 4583 1607 4623 su
1627 4570 1766 4623 erstructa

278 4638 330 4697 ost,
348 4634 397 4738 vi}
415 4636 460 4691 vel
479 4635 722 4724 raro“·spponer.e
741 4638 838 4694 solitos
856 4654 929 4702 ουτος
948 4640 977 4695 id
996 4640 1070 4710 quod
1088 4640 1269 4732 in'Pollueem
1287 4639 1550 4726 quoquequadrare
1563 4584 1703 4726 'villamus

278 4790 305 4845 p·
325 4776 378 4831 249
391 4706 454 4850 {met
472 4707 506 4765 G.
524 4708 639 4766 Karbel:
666 4707 718 4764 sul
736 4710 793 4765 und
811 4711 886 4766 Text
903 4710 955 4768 der
973 4715 1101 4768 Πολιτεία
1123 4716 1271 4780 Auernae
1289 4710 1340 4767 des
1356 4711 1533 4768 Aristoteles.
1569 4712 1663 4767 Berlrn
1687 4710 1764 4765 1893.

279 4848 609 4993 Βθῶῃηὸοηῖἳδηῆεέὲτ
619 4853 684 4983 3η
694 4852 856 4979 Slolouisebe
870 4853 1265 4961 Veriassunginhristoteles’
1278 4853 1628 4926 Verfassungsgeschiehte
1646 4852 1764 4908 Athens.

381 4991 403 5129 :l
420 4992 965 5139 ξξῦάῖιιῗχιτθοῖίάεσίιτειίτέάξητῗθόῡτίηιιῖυ
973 4996 1153 5137 {raclblrlpllob
1166 5000 1344 5140 1ίι.ιίἓιξ)θιίιηίοι”.

278 5135 896 5280 p.cua⁹hrlrl.1lp'fl⁰mm⁵mrbu⁰h
917 5143 968 5199 der
998 5140 1101 5212 grieeh.
1120 5140 1258 5210 Antiquit.
1292 5143 1317 5198 6.
1338 5139 1413 5198 Auss.
1441 5140 1579 5212 Freiburg
1597 5140 1657 5195 iB
1687 5139 1765 5194 1892.
