4326 5806
1015 300 1056 365 13

290 619 325 684 et
346 612 463 682 addita
495 635 517 679 n
540 613 630 684 tione
662 614 764 700 veluti
780 605 782 609 ¹
796 612 962 702 πρότερον
997 621 1072 703 post
1104 615 1205 685 verba
1227 609 1275 686 τίς
1295 609 1509 699 δικαστήριον
1531 608 1684 692 ponenda
1705 627 1778 675 esse

291 707 455 794 Stojentin
477 707 499 776 1.
534 732 590 795 .p.
610 710 650 775 18
667 732 717 794 sq.
740 710 824 787 nihi,
853 713 986 797 quidem
1018 712 1173 795 probavit
1206 705 1261 790 (oi.
1284 708 1411 789 Bdckh,
1446 706 1573 777 Statsh.
1589 705 1648 773 11·
1662 727 1694 788 p.
1711 693 1778 781 39*

290 819 367 869 ann.
390 791 480 878 242).
524 798 696 880 Postrema
730 800 871 885 denique
904 803 1005 872 rerba
1027 795 1121 884 εἶχον
1148 797 1333 878 δ’δξουσίαν
1356 795 1411 864 καί
1435 799 1551 886 ζημίαν
1574 791 1723 878 α’φιλιῖν,
1746 791 1777 858 ελ

291 890 410 969 ἀδίκως
431 890 497 962 ἀπὸ
521 897 587 963 τοῖν
602 891 775 978 ἀρχόντων
791 894 999 986 δπιβληθιίη,
1016 920 1102 984 quae
1116 898 1265 982 plerique
1280 895 1371 962 nullo
1385 894 1612 961 intercedente
1628 890 1777 975 eIrysiae

293 991 449 1061 orationis
483 987 562 1077 περὶ
596 990 797 1077 προστάτου
830 996 1037 1079 paragrapho
1074 994 1215 1079 septima
1251 990 1385 1057 fluxisse
1421 990 1634 1070 arbitrantur,
1668 988 1778 1071 Bursy

291 1087 313 1154 l.
333 1085 356 1153 l.
375 1109 408 1171 p.
425 1087 466 1155 61
483 1088 555 1154 iure
589 1088 712 1172 optimo
744 1087 851 1157 lexico
882 1090 1050 1158 rhetorico
1085 1090 1128 1157 od
1162 1093 1309 1164 oratores
1345 1084 1479 1154 Atticos
1512 1083 1778 1170 interpretandos

291 1177 471 1260 composito
493 1177 648 1279 reddidit.
1376 1226 1379 1231 .

495 1299 636 1371 Aristot.
654 1323 681 1370 o.
698 1303 752 1371 4⁷.
769 1305 801 1375 θ.
901 1380 904 1386 ,
1052 1298 1054 1304 ’
1288 1301 1374 1370 Poll.
1390 1298 1483 1372 VIII
1499 1301 1551 1368 99.

291 1383 328 1449 οί
347 1380 495 1474 πωλητοδ
518 1385 534 1450 ί
546 1390 610 1468 μέν
633 1382 708 1470 τίσι,
732 1386 772 1453 κλ
795 1388 912 1475 ροάται
932 1375 1009 1462 δαῖς
1062 1384 1211 1475 πωληταλ
1245 1383 1284 1451 τὰ
1318 1384 1395 1472 τέλη
1431 1383 1658 1466 πιπράσκουσι
1695 1378 1778 1464 μετὰ

291 1472 328 1537 ίκ
351 1475 548 1563 τῆςφυλῆς.
571 1478 735 1558 μισθοῦσι
760 1410 796 1543 di
819 1475 858 1542 τά
880 1477 1007 1561 μισθά-
1061 1481 1126 1543 τῶν
1152 1473 1208 1542 ἐντί
1231 1473 1267 1540 τὸ
1300 1472 1467 1566 θεωρικὸν
1501 1468 1688 1561 ᾑρημένων,
1724 1466 1783 1538 καλΙ

290 1584 377 1646 ματα
404 1564 513 1632 πάντα
542 1563 597 1631 καὶ
623 1563 663 1631 τὰ
685 1566 830 1649 μέταλλα
858 1569 1008 1634 πωλοῦσι
1061 1564 1118 1641 τᾶς
1140 1570 1206 1632 τῶν
1230 1564 1266 1643 ἐξ
1287 1560 1419 1651 Ἀρείου
1455 1561 1564 1649 πάγου
1598 1559 1681 1644 μετὰ
1716 1559 1778 1625 τόν

292 1650 346 1718 καί
368 1652 408 1719 sd
432 1655 509 1740 τέλη
524 1652 607 1739 μετὰ
623 1659 686 1722 τοί
701 1661 820 1741 ταμίου
835 1660 902 1722 τοῖν
915 1674 1008 1744 στρα-
1062 1657 1228 1744 πράτερον
1251 1653 1352 1743 λόγον
1375 1651 1552 1739 φυγόντων
1576 1649 1700 1735 οάσίας,
1724 1646 1779 1714 καλ

292 1744 451 1853 ηιωτικῶν
486 1742 541 1811 καὶ
570 1747 639 1811 τῶν
666 1743 722 1812 ἐπὶ
767 1745 804 1812 τὸ
839 1747 1008 1835 θεωρικὸν
1061 1744 1100 1812 τὰ
1116 1745 1355 1857 δεδημευμένα.
1372 1742 1577 1830 ’πρυτανείαν
1593 1737 1778 1850 δ’ξξαάτῶν

291 1835 658 2000 υἐν
675 1837 878 2014 toltit
893 1885 1006 2012 nt·
1060 1825 1217 2015 αλιι
1230 1836 1779 2008 tlttttttttsttl

294 2012 486 2171 φαηγοὲντωυ
510 2012 564 2081 καὶ
585 2012 702 2107 τάν”)
725 2015 782 2083 tut
802 2019 859 2106 τῆς
884 2017 1015 2107 βουλῆς,
1060 2019 1218 2093 τιθέντες,

293 2130 344 2171 πω
367 2127 385 2171 ο
409 2123 472 2171 σιν.

393 2220 496 2291 Initio
525 2219 622 2289 huius
644 2222 844 2308 paragraphi
865 2222 1024 2290 Polluces
1055 2243 1254 2308 quamquam
1288 2226 1460 2290 contracta
1481 2222 1559 2289 sunt
1593 2222 1626 2285 et
1651 2221 1781 2286 mutata

293 2332 367 2379 cum
394 2307 608 2379 Aristoteleis
637 2313 836 2396 conspirant,
865 2313 915 2379 ita
939 2317 1062 2395 tamen,
1090 2316 1129 2381 ut
1155 2309 1259 2390 rerba·
1282 2309 1365 2395 μετὰ
1394 2307 1453 2375 τὸν
1483 2308 1650 2396 πρότερον
1678 2305 1780 2390 λόγον

293 2400 402 2490 §117
426 2409 578 2492 repetita,
614 2427 699 2492 quae
721 2430 761 2475 ex
794 2409 1027 2478 Demosthenis
1064 2409 1211 2476 oratioue
1246 2413 1362 2476 contra
1399 2403 1641 2473 Aristocratem
1673 2424 1700 2471 c.
1737 2403 1780 2472 69

292 2498 449 2579 novimus,
483 2497 626 2583 auctoris
657 2498 867 2583 explicationi
898 2500 1089 2567 intermixta
1114 2500 1189 2566 siut.
1241 2498 1283 2565 In
1310 2495 1375 2564 fine
1399 2496 1488 2582 quod
1509 2494 1630 2563 Pollux
1659 2495 1782 2561 adiecit

294 2586 423 2672 polstes
434 2587 691 2669 iurisdictionem
704 2587 869 2675 quandam
880 2590 915 2655 iu
926 2588 1104 2675 inquilinos
1116 2586 1153 2653 τὸ
1168 2588 1341 2672 μετοίκιον
1354 2608 1420 2654 non
1435 2585 1600 2652 solventes
1615 2583 1780 2668 habuisse,

294 2682 410 2750 eximie
445 2704 520 2751 cum
546 2681 711 2770 Harpocr.
735 2706 761 2752 s.
786 2707 813 2752 τ.
848 2686 1019 2768 μετοίκιον
1055 2691 1089 2752 et
1120 2682 1294 2754 Demostb
1319 2687 1435 2752 contra
1461 2679 1634 2764 Aristogit.
1660 2678 1782 2749 orati

293 2801 319 2846 o.
343 2778 386 2845 57
445 2780 595 2847 concinit.
654 2780 839 2865 Utrumque
874 2783 1135 2849 additamentum
1168 2780 1276 2863 Bursy
1304 2779 1326 2845 l.
1352 2779 1376 2845 1.
1430 2777 1529 2844 .104
1551 2797 1600 2862 sq.
1634 2776 1781 2844 elerico

291 2868 456 2939 rhetorico
490 2871 684 2937 arcessitum
718 2884 790 2938 esse
814 2872 961 2958 quamvis
985 2871 1175 2938 dubitanter
1190 2870 1338 2936 coniecit.
1416 2866 1480 2933 nde
1496 2870 1606 2935 autem
1622 2886 1671 2948 ea,
1696 2887 1782 2952 qnae

292 2958 332 3025 de
359 2958 511 3044 praeside
537 2959 724 3044 poletarum
752 2960 786 3026 in
815 2961 923 3029 medie
952 2962 1064 3046 posuit
1090 2960 1333 3045 grammaticus,
1360 2956 1523 3038 libaverit,
1551 2956 1606 3024 rix
1631 2955 1782 3041 indagari

291 3051 422 3132 poterit,
445 3050 640 3132 praesertim
662 3070 736 3117 oum
759 3050 823 3118 bac
844 3050 879 3118 in
901 3072 938 3118 re
961 3050 1088 3117 nullum
1110 3049 1235 3118 socium
1257 3046 1389 3115 habeat.

498 3169 640 3241 Aristot
658 3195 685 3242 c.
701 3175 756 3243 52.
775 3176 805 3242 1.
1275 3174 1359 3241 Poll.
1374 3171 1467 3244 VIII
1491 3171 1564 3239 102.

294 3250 468 3316 καθιστᾶσι
491 3253 546 3321 καὶ
567 3254 785 3331 subcludere
808 3255 915 3345 κλήρῳ
1064 3258 1102 3323 οἱ
1113 3255 1231 3322 ἕνδεκα
1246 3244 1294 3331 εἷς
1305 3253 1364 3340 ἀφ’
1376 3256 1514 3342 έκάσιης
1525 3253 1632 3341 φυλῆς
1644 3249 1782 3335 lyd-vero,

1065 3344 1118 3412 καὶ
1130 3344 1337 3434 γραμματεὺς
1347 3343 1386 3433 ”)
1405 3341 1517 3418 αὐτοῖς
1529 3344 1780 3431 συνηριθμεῖτο.

1064 3437 1299 3520 νομοφύλακες
1335 3435 1371 3502 δὲ
1407 3434 1487 3501 κατὰ
1526 3431 1585 3499 τάν
1626 3431 1782 3519 Φαληρέα

292 3517 370 3597 τοὺς
393 3518 701 3611 ἐπιμελησομένους
722 3526 788 3591 ταῖν
811 3525 847 3591 έν
872 3530 917 3610 τρῖ
938 3528 1010 3593 δυσ.
1063 3526 1383 3615 μετωνομάσθησαν,
1409 3523 1633 3606 έπιμελοάντο
1657 3519 1694 3586 δέ
1716 3523 1781 3586 τω”ν

292 3611 457 3724 dimidii),
487 3610 544 3680 καὶ
571 3611 649 3690 τοῦς
681 3609 914 3700 ἀπαγομένους
942 3617 1011 3684 κλέ.
1065 3616 1102 3682 ἐν
1119 3620 1165 3701 τῳ
1179 3617 1401 3705 δεσμωτηρίῳ,
1426 3613 1480 3680 καί
1496 3610 1625 3702 ἀπῆγον
1643 3611 1783 3687 κλέπτας

295 3721 377 3772 πτας
399 3723 454 3768 και
477 3701 555 3777 τούς
576 3698 840 3791 ἀνδραποδιστὰς
856 3704 911 3773 καὶ
934 3707 1012 3785 τοὺς
1065 3703 1328 3794 ἀνδραποδιστὰς
1347 3704 1552 3814 λωποδύτας,
1575 3699 1606 3768 εί
1624 3700 1688 3784 μὲν
1703 3699 1783 3783 ἀμο-

294 3789 494 3881 λωποδάτας,
518 3789 560 3858 ἀν
574 3792 638 3876 μὲν
656 3789 853 3878 ὁμολογῶσι,
878 3796 1011 3881 θανάτῳ
1066 3796 1209 3887 λογοῖεν,
1234 3796 1492 3877 θανατωσοντας,
1516 3815 1547 3859 ει
1566 3791 1602 3857 δὲ
1618 3791 1675 3879 μή,
1697 3787 1783 3856 ιίσά-

293 3878 528 3970 ζημιώσαντας,
552 3879 594 3949 ἀν
618 3880 910 3975 δάμφισβητάσιν,
927 3886 1013 3954 siuri-
1066 3891 1179 3965 ξονττς
1201 3884 1250 3960 οἷς
1271 3887 1309 3952 τὰ
1332 3884 1535 3974 δικαστήρια,
1563 3878 1625 3948 κάν
1650 3877 1783 3964 cil-eicco,

295 3991 414 4053 γοντας
447 3966 494 4045 τίς
526 3971 562 4038 τὸ
594 3974 815 4064 δικαστήριον,
854 3975 916 4042 κάν
950 3978 1012 4061 μὲν
1067 3975 1339 4051 άπακτανοίντυς,
1375 3978 1436 4041 τοῦ
1463 3973 1499 4040 δὲ
1527 3970 1783 4057 νομοφυλακίαν

294 4056 526 4144 ἀποφάγωσιν,
542 4059 744 4154 ἀφήσοντος,
767 4062 799 4131 εί
813 4065 849 4132 δέ
863 4066 921 4155 μή,
939 4068 1014 4134 τότε
1067 4067 1156 4156 θάρα
1184 4069 1244 4152 μία
1271 4066 1457 4155 χαράνειον
1486 4063 1647 4143 έκαλιῐτο,
1674 4059 1719 4129 δι’
1745 4046 1784 4150 ἧς

295 4150 559 4227 θανατώσαντα.
1067 4159 1128 4248 τὴν
1151 4156 1207 4224 ἐπὶ
1230 4157 1363 4242 θανάτῳ
1386 4153 1567 4244 ἀπήγοντο.

290 511 553 775 rumperet?
586 538 661 588 oum
683 518 863 603 apodsotas
897 519 1121 603 attingerent,
1141 518 1352 589 librariorum
1379 515 1506 585 incuria
1527 513 1593 582 hnc
1614 509 1779 597 translata

400 4287 521 4356 Pollux
542 4289 703 4374 principio
728 4293 885 4359 certiores
908 4312 968 4359 nos
990 4291 1070 4359 facit
1091 4293 1330 4360 undecimriros
1357 4297 1447 4358 sorte
1470 4290 1576 4357 creari
1599 4289 1744 4371 singulos
1768 4310 1785 4355 e

295 4376 430 4461 singulis
459 4377 619 4462 tribubus,
655 4380 773 4465 quibus
806 4403 867 4466 pro
901 4381 1073 4449 undecimo
1101 4382 1209 4449 scribe
1238 4383 1484 4448 adnumeretur:
1521 4400 1618 4464 quem
1654 4378 1785 4462 quidem

296 4466 557 4536 distributionem
596 4490 670 4536 cum
704 4470 836 4538 aliunde
871 4472 1036 4554 cognitam
1070 4494 1134 4538 non
1167 4472 1364 4554 habeamus,
1399 4470 1509 4537 nescio
1544 4490 1586 4535 en
1619 4468 1691 4552 ipse
1724 4466 1786 4534 sibi

294 4546 479 4639 finxerit⁸⁷l
524 4558 704 4627 Praeterea
737 4566 805 4627 tres
839 4567 951 4646 partes
984 4560 1149 4628 discerno:
1186 4582 1324 4647 quornm
1358 4559 1466 4626 media
1498 4559 1541 4625 ad
1562 4557 1697 4626 verbum
1718 4556 1786 4624 iere

295 4697 467 4707 Ἢ.--
474 4700 507 4707 ...-
513 4701 613 4708 ...---

397 4767 430 4836 ⁸⁴)
448 4771 526 4827 Haeo
543 4787 579 4827 ex
598 4770 782 4828 Androtiouis
799 4770 917 4827 Atthide
936 4786 999 4827 arre
1020 4775 1051 4826 ta
1069 4775 1140 4828 sunt
1168 4770 1201 4828 cf.
1220 4773 1386 4842 Harpocrat-
1415 4787 1437 4830 s.
1455 4787 1482 4826 τ.
1502 4766 1654 4824 morteto«.

402 4839 436 4910 ⁸¹)
454 4844 522 4899 Post
540 4848 584 4897 not
598 4846 649 4897 τῶν
667 4843 805 4915 quomodo
818 4859 891 4914 quae
909 4787 1103 4900 numitorius
1120 4843 1276 4914 supplenda
1293 4844 1358 4914 siut,
1376 4842 1498 4901 nondum
1514 4842 1588 4897 inter
1600 4842 1676 4897 viros
1688 4840 1787 4899 doctos

297 4917 421 4968 constat·
441 4915 469 4971 id
487 4919 583 4971 autem
601 4920 722 4986 apparet
741 4918 774 4969 τὰ
794 4919 975 4986 δεδημευμένα,
996 4916 1071 4986 qnod
1089 4920 1135 4971 cst
1152 4917 1279 4986 Pollucis,
1298 4916 1393 4973 seusm
1410 4911 1581 4972 satisfacere.

399 4953 430 5053 'il
449 4985 483 5042 cs.
503 4987 533 5044 0.
550 4987 578 5044 δ.
595 4987 631 5043 Δ.
648 4989 677 5044 11
704 4990 761 5058 dp.
775 4988 826 5043 soi
840 4989 891 5044 col.
905 5005 929 5044 c
942 5005 983 5044 vs.
998 4989 1166 5058 131οι143,
1185 4988 1233 5044 ubi
1252 4987 1345 5046 scriba
1361 4987 1413 5043 τᾶν
1432 4990 1521 5042 besua
1549 4989 1786 5042 commemoratur.

396 5056 430 5127 ⁸¹)
448 5059 504 5116 (δατ
530 5074 593 5115 cum
610 5058 1009 5128 Wilamowitzioil.l.1296l
1038 5063 1196 5116 statuamus
1219 5060 1337 5131 primum
1354 5061 1441 5118 totius
1464 5059 1519 5115 loci
1546 5057 1721 5114 enuntiatum
1748 5057 1786 5113 ad

296 5136 406 5202 tempus
423 5130 569 5188 duodecim
586 5131 709 5189 tribuum
727 5138 855 5204 spectare
867 5131 987 5205 ideoque
999 5132 1037 5190 ad
1049 5132 1214 5202 scriptorem
1224 5137 1291 5203 post
1303 5147 1404 5191 anuum
1418 5130 1472 5188 807
1484 5145 1511 5190 a
1524 5129 1588 5188 chr.
1600 5145 1628 5186 u.
1640 5127 1787 5187 florentem

296 5201 472 5263 merendum
488 5217 552 5261 esse
570 5205 642 5261 satis
658 5219 763 5263 musac
779 5219 836 5263 uon
853 5209 907 5264 est
1732 5225 1737 5233 ·
