4358 5820
1271 198 1312 264 12

549 406 738 522 “cmii‘’
766 407 904 518 έκεσηος
931 403 990 483 ονλς
1022 405 1065 475 δν
1086 409 1266 518 βούληται,
1320 406 1773 523 δίοῖίκρστοςοηίςβοίλτται,
1789 413 2038 500 δοκιμασθῆναι

549 521 605 654 κρι
625 521 722 566 οοτοι
740 499 978 582 δοκιμαζονται
1001 498 1039 565 έν
1054 521 1099 583 τῳ
1115 498 1267 588 δικαστη.
1320 500 1471 657 δὲηοέτοης
1496 499 1600 590 έχρην
1629 500 1665 567 έν
1693 511 1763 577 τοῖς
1794 503 2041 658 πεντακρηηίοηηΞ

548 612 745 756 8861ίῇ
792 680 856 746 νεῖν
879 676 915 744 δέ
939 678 1119 769 κληροῦσιν
1143 682 1265 762 θεσμο-
1320 595 2036 771 ;ραμῖιαίίλ,σιλξίφίνῖντ8ἷιῳω3)ουδῗιῖπηὲίῳ

549 773 649 841 θέτας
675 767 739 851 μὲν
761 768 797 847 ἓξ
820 765 876 835 καί
905 773 1096 855 γραμματέα
1123 767 1264 858 τούτοις,
1320 773 1476 860 κρίνεται.

548 859 598 924 έτι
621 855 794 945 δ’ἄρχοντα
822 855 878 926 καὶ
898 861 1036 944 βασιλέα
1065 855 1119 926 καλ
1143 859 1266 944 πολέμ-

549 969 651 1036 αρχον
674 1003 835 1024 ......
878 949 1115 1033 δοκιμάζονται
1141 935 1266 1016 roim

549 1040 683 1125 πρῶτον
704 1035 768 1122 μέν
792 1039 830 1105 ἐν
851 1039 893 1130 τῇ
912 1038 1018 1126 βουλῇ
1038 1046 1109 1112 τοίς
1124 1037 1161 1126 φ’
1177 1038 1265 1127 πλην

549 1129 612 1195 τοῦ
627 1131 848 1216 γραμματέως,
866 1111 966 1204 οὗτος
979 1127 1046 1194 re
1069 1128 1265 1217 δικαστηρίῳ

549 1216 660 1301 μόνον
678 1275 687 1292 .
704 1271 712 1287 .
728 1275 738 1294 .
756 1273 776 1306 .,
802 1219 839 1285 οἱ
849 1216 978 1285 δ’έννία
994 1215 1155 1305 ἄρχοντες
1176 1219 1213 1285 έν
1229 1240 1266 1285 τε

548 1306 588 1398 τῇ
609 1306 713 1397 βουλῇ
736 1305 792 1375 καί
815 1307 852 1374 ἐν
874 1309 1083 1397 δικαστηρίῳ,

570 1466 573 1470 .
651 1414 818 1485 Paredros
839 1414 941 1497 igitur
964 1419 999 1483 et
1021 1413 1173 1501 scribam,
1198 1436 1281 1501 quos
1297 1410 1499 1484 Aristoteles
1522 1434 1589 1481 una
1605 1434 1678 1480 cum
1693 1433 1808 1481 novem
1824 1412 2038 1481 archontibus

548 1505 714 1593 ίιεοίοιίί,
748 1504 870 1572 Pollux
892 1503 978 1572 infra
1000 1505 1176 1591 seperatim
1198 1505 1309 1590 posuit
1330 1505 1379 1573 ita
1400 1508 1511 1571 temen
1533 1508 1572 1570 ut
1599 1504 1700 1571 verba
1728 1505 1975 1593 δοκιμασθῆναι
2002 1502 2039 1570 δέ

549 1596 671 1673 αὐτοὺς
703 1646 748 1657 -
782 1598 819 1664 έν
853 1599 1050 1689 δικαστηρίῳ
1074 1602 1109 1668 in
1144 1600 1285 1669 alienam
1320 1602 1430 1670 sedem
1465 1602 1654 1686 migrarent.
1712 1598 1808 1684 Quae
1841 1602 1928 1669 enim
1950 1601 2039 1687 apud

549 1700 717 1765 auctorem
738 1718 833 1766 suum
854 1697 964 1781 priore
985 1697 1058 1765 loco
1082 1690 1125 1775 (c.
1142 1700 1197 1765 55.
1214 1692 1250 1779 2)
1272 1698 1451 1781 invenerat,
1475 1719 1591 1767 novem
1613 1696 1836 1780 archontibus,
1860 1704 2038 1781 antequam

548 1808 664 1855 munus
690 1787 821 1870 inirent,
857 1808 993 1855 examen
1015 1793 1051 1855 et
1072 1787 1107 1855 in
1129 1794 1247 1866 senatu
1270 1794 1304 1855 et
1326 1790 1414 1874 apud
1435 1789 1561 1858 iudices
1585 1786 1789 1855 subeundum
1812 1807 1893 1870 esee,
1930 1786 2038 1872 negle-

549 1881 663 1960 genter
686 1897 759 1944 cum
782 1876 966 1961 posteriore
988 1876 1062 1945 loco
1086 1899 1115 1947 c.
1138 1878 1193 1947 56.
1220 1880 1235 1944 l
1261 1880 1419 1963 copulans
1454 1878 1611 1963 paredros
1634 1876 1685 1943 bis
1709 1877 1944 1945 examinandos
1967 1898 2038 1945 esse

548 1966 726 2049 contendit,
750 1987 825 2033 cum
846 1962 1048 2036 Aristoteles
1071 1988 1129 2035 eos
1152 1988 1256 2054 aeque
1279 1988 1319 2034 ac
1341 1968 1485 2036 scribam
1508 1965 1610 2036 semel
1631 1967 1665 2035 in
1688 1966 1760 2034 solo
1774 1966 1896 2035 iudicio
1916 1967 2039 2035 tentari

546 2054 657 2123 faciat
704 2054 1180 2125 cf.wilsmow.1.l.1296.

653 2141 747 2228 Quae
770 2144 812 2213 de
834 2144 1004 2230 apodsotis
1027 2145 1148 2215 Pollux
1168 2146 1279 2228 habet,
1303 2147 1454 2215 similiter
1476 2146 1521 2214 ad
1541 2154 1610 2215 tres
1624 2141 1820 2214 Aristotelis
1842 2145 1933 2213 locos
1955 2144 2038 2214 reie-

546 2234 650 2325 renda
671 2253 743 2302 esse
765 2254 831 2303 non
854 2239 906 2302 est
925 2234 1155 2320 improbabile:

837 2330 979 2402 Aristot.
1543 2333 1630 2401 Poll.
1645 2331 1808 2406 vinei.

549 2443 577 2492 α.
592 2421 648 2491 48.
666 2422 696 2489 1.
722 2410 786 2482 εἰσί
809 2410 1022 2481 δ’ἀποδίκται
1037 2417 1116 2484 δέκα
1133 2465 1140 2481 .
1159 2475 1167 2493 ,
1186 2476 1193 2491 ,
1213 2468 1220 2484 .
1320 2413 1501 2482 ἀποδέκται
1514 2416 1550 2483 δὲ
1562 2406 1647 2502 ἦσαν
1662 2415 1749 2498 δέκα,
1767 2421 1803 2483 οὶ·
1816 2414 1895 2491 τοὺς
1911 2415 2038 2505 φόρους

548 2533 575 2580 o.
592 2510 647 2578 48.
664 2510 696 2576 2.
719 2502 874 2584 δέχονται
897 2502 954 2579 τᾶς
981 2502 1113 2594 π[α’σα]ς
1129 2563 1137 2582 ,
1154 2562 1163 2579 .
1180 2562 1189 2579 .
1207 2502 1265 2596 ,⁸')
1321 2503 1375 2573 καί
1404 2505 1461 2580 τὰς
1487 2504 1647 2593 εἰσφορὰς
1677 2503 1793 2571 καὶτὰ
1817 2506 1894 2596 τέλη
1924 2501 2039 2573 ὖπεδέ.

547 2602 646 2671 (152.
664 2601 695 2668 3,
731 2594 767 2659 οί
786 2591 997 2660 δίποδίκται
1019 2605 1089 2674 τοῖς
1111 2594 1266 2671 ταλαίναις
1319 2618 1432 2686 γοντα,
1450 2592 1503 2662 καί
1518 2593 1558 2661 τὰ
1576 2594 1653 2684 περὶ
1669 2595 1795 2662 τούτων
1811 2593 2038 2684 ἀμφισβητοί-

548 2681 603 2750 nul
627 2680 707 2752 κατὰ
730 2684 795 2748 τῶν
823 2684 986 2766 τελωνῶν,
1010 2683 1051 2750 τὰ
1076 2684 1139 2769 μέν
1165 2691 1266 2773 μέχρι
1317 2707 1405 2770 μονα
1439 2684 1599 2766 ἐδίκαζον,
1638 2682 1668 2751 εί
1702 2686 1740 2750 δέ
1762 2708 1793 2750 τι
1824 2688 1939 2769 μεῖζον
1974 2685 2037 2776 εἴη,

423 2835 424 2839 ,
546 2774 626 2841 δέκα
647 2773 803 2879 δραγμρῖν
827 2771 923 2851 ὄντες
945 2772 1067 2864 κύριοι,
1091 2772 1131 2840 τὰ
1165 2772 1264 2842 tiit·
1318 2773 1453 2865 εἰσῆγον
1477 2771 1524 2850 είς
1546 2775 1770 2865 δικαστήριον,

546 2861 594 2939 εἰς
616 2862 653 2928 τὸ
677 2862 887 2953 δικαστήριον
911 2860 1101 2949 εἰσάγοντες
1117 2865 1262 2956 δμμηνα.

650 2968 699 3037 Ut
722 2970 769 3038 eis
791 2991 874 3055 quos
896 2971 1043 3056 proxime
1066 2972 1166 3040 attuli
1175 2972 1257 3041 locis
1274 2972 1339 3040 duo
1353 2970 1405 3039 rel
1420 2971 1486 3039 tria
1500 2972 1697 3053 testimonia,
1723 2992 1809 3058 quae
1823 2970 2037 3057 philosophus

548 3058 697 3144 dispersa
720 3057 853 3126 exhibet
881 3068 916 3128 et
942 3066 1107 3147 separata,
1141 3062 1227 3131 inter
1255 3083 1290 3129 se
1319 3081 1444 3129 conexa
1473 3067 1559 3144 sunt,
1589 3061 1638 3128 ita
1659 3082 1893 3145 nonnunquam
1914 3062 1949 3129 in
1971 3082 2038 3129 una

546 3148 755 3235 grammatici
776 3147 995 3233 explicatione
1024 3152 1239 3235 complurium
1267 3157 1439 3219 auctorum
1460 3151 1598 3234 vestigia
1621 3149 1917 3235 deprehenduntnr.
1963 3150 2038 3219 Iam

546 3237 688 3321 singule.
709 3236 960 3306 consideremus.
1018 3231 1037 3321 ἐ
1072 3241 1115 3308 97
1151 3262 1192 3309 ex
1225 3240 1331 3311 tribus
1367 3245 1499 3308 constat
1530 3240 1698 3325 partibus:
1730 3241 1871 3325 primam
1909 3247 2037 3326 partem

546 3321 659 3404 ταμίαι
692 3321 749 3409 της
771 3323 860 3388 θεοῦ
892 3319 1056 3410 κληρωτοί
1087 3322 1151 3406 μίν
1175 3322 1212 3388 dx
1236 3321 1608 3408 πεντακοσιομεδίμνων
1631 3311 1726 3414 ἦσαν,
1762 3321 1801 3388 τᾶ
1829 3322 1865 3388 δὲ
1889 3323 2037 3411 χρήματα

546 3415 800 3503 παρελάμβανον
823 3419 880 3505 τῆς
902 3419 1025 3506 βουλῆς
1036 3417 1208 3508 παρούσης
1224 3421 1254 3487 ei
1269 3416 1485 3486 Aristotelem
1501 3421 1729 3504 suppeditasse
1744 3419 1842 3487 facile
1856 3420 2037 3505 intelleges,

546 3513 574 3580 si
595 3513 692 3580 huius
706 3512 809 3580 verba
830 3534 859 3580 ο.
875 3513 965 3581 47.1
991 3514 1028 3579 οἱ
1047 3517 1160 3597 ταμίαι
1182 3518 1240 3604 τῆς
1260 3510 1406 3602 Ἀθηνᾶς
1429 3511 1494 3581 εἰσὶ
1514 3513 1578 3597 μέν
1601 3515 1689 3593 δέκα,
1713 3515 1893 3602 κληροῦται
1909 3503 1985 3589 δεῖς
2000 3514 2037 3581 ἐκ

546 3604 604 3690 τῆς
626 3601 743 3690 ῳολῆς,
779 3601 816 3668 δκ
840 3605 1237 3688 πεντακοσιομεδίμνων.
1256 3654 1264 3670 .
1283 3654 1290 3669 .
1309 3652 1316 3670 .
1341 3603 1635 3690 παραλαμβάνουσι
1663 3602 1699 3669 et
1716 3653 1724 3669 .
1742 3651 1750 3668 .
1768 3653 1801 3675 ..
1825 3602 1863 3667 τὰ
1886 3604 2039 3692 χρήματα

546 3694 700 3784 έναντίον
723 3700 781 3786 τῆς
802 3696 925 3788 βουλῆς
947 3702 1196 3787 comparaveris.
1228 3697 1324 3785 Quse
1347 3700 1465 3769 deinde
1489 3705 1670 3784 sequuntur
1692 3699 1873 3765 ἐκαλοῦντο
1890 3698 1926 3767 δέ
1942 3688 2039 3766 οὗτοι

546 3875 573 3930 p.
594 3861 667 3927 619).
704 3859 874 3918 Aristoteles
892 3860 1066 3931 compilatori
1084 3859 1286 3919 hiomaterlnm
1298 3876 1355 3918 non
1366 3860 1506 3933 praebuit,
1520 3877 1582 3917 curn
1595 3875 1691 3918 aarum
1702 3876 1804 3931 rerum,
1817 3876 1887 3934 quas
1899 3862 2037 3933 exposuit,

546 3948 582 3989 ne
600 3933 770 3989 levissimum
789 3931 901 4004 quidem
921 3933 1072 4003 vestgium
1089 3934 1166 4005 apud
1189 3935 1265 3990 illum
1282 3934 1435 3991 videamus.
1482 3934 1580 4006 Neque
1607 3932 1721 3990 dubium
1747 3949 1811 3991 esse
1838 3940 1941 4005 potest,
1970 3935 2038 4006 quin

546 4005 663 4063 ulbadus
691 4020 801 4076 qnoque
823 4005 1007 4077 ιιιορίεεικίιιε
1031 4022 1150 4064 munera
1169 4006 1289 4064 diversis
1306 4006 1384 4078 locis,
1401 4023 1458 4067 ron
1475 4013 1571 4065 umen
1589 4006 1687 4063 eodem
1713 4006 1796 4064 modo
1823 4009 1976 4078 explanata
2001 4023 2038 4067 ex

545 4076 632 4135 wli!
650 4075 774 4135 fonubus
790 4077 979 4136 mamvormt:
999 4075 1015 4144 ἕ
1033 4078 1069 4134 98
1087 4086 1235 4149 είσαγωγείς
1253 4077 1333 4151 ἀρχῆς
1346 4077 1472 4152 κληρωτῗγς
1484 4084 1577 4150 ὄνομα.
1610 4070 1688 4134 οὗτοι
1700 4083 1727 4136 ti
1744 4081 1793 4142 τὰς
1805 4081 1880 4142 δίκας
1897 4078 2038 4151 εἰσήγαγον

546 4153 614 4220 πρὸς
631 4151 694 4211 τοὺς
707 4149 850 4217 διαιτητάς.
872 4151 952 4213 §101
968 4154 1116 4219 εἰσαγωγεῖς
1129 4156 1156 4204 ol
1168 4154 1217 4208 τὰς
1234 4151 1363 4221 ίμμῆνους
1376 4154 1450 4213 δίκας
1465 4152 1624 4220 ιίσᾶγοντες.
1650 4140 1720 4220 η’σαν
1736 4155 1762 4205 dl
1776 4151 1893 4221 προικός,
1908 4155 1922 4205 ί
1939 4154 2036 4217 πνοιαί,

547 4224 695 4295 ίμπορικαί.
720 4221 878 4279 Ροέλθῐίοῐθ
890 4222 952 4280 1000
964 4237 1026 4278 tum
1037 4223 1236 4292 grammaticus
1248 4227 1297 4286 τὰς
1315 4225 1459 4296 ἐμπορικὰς
1477 4226 1559 4286 δίκας,
1573 4239 1644 4295 quas
1655 4224 1716 4293 lpse
1725 4223 1906 4280 Aristotelem
1919 4174 1952 4287 fe.
1965 4220 2037 4291 586)

547 4297 660 4350 mentua
677 4293 873 4351 theemotbetls
891 4293 1027 4364 adiunxit,
1045 4292 1083 4350 ed
1101 4299 1261 4363 necareris·
1280 4293 1372 4353 officia
1386 4295 1530 4367 pertinere
1547 4297 1632 4366 dicat,
1650 4296 1688 4353 de
1699 4295 1856 4365 philosophi
1868 4297 2036 4353 auctoritate

546 4380 603 4422 non
620 4366 801 4435 cogitandum
818 4371 864 4423 est
879 4364 924 4434 (ci.
945 4365 1100 4424 Wllamow.
1118 4367 1136 4422 l.
1149 4367 1168 4423 l.
1187 4367 1201 4422 1
1220 4368 1272 4423 297
1297 4384 1363 4424 ann.
1382 4367 1436 4437 llll
1466 4369 1573 4426 conus
1598 4369 1720 4439 priorem
1746 4367 1827 4424 buius
1854 4369 2037 4438 magistratus

547 4436 763 4508 dmrlptiomm
781 4452 817 4493 οἳ
834 4437 997 4496 Aristotelis
1017 4438 1112 4496 verbi!
1133 4455 1157 4495 o·
1174 4439 1241 4495 522
1260 4440 1382 4513 κληραῖισε
1400 4445 1427 4496 tl
1446 4446 1490 4495 καλ
1508 4446 1665 4510 είσαγωγίας
1683 4445 1694 4495 l
1714 4439 1812 4509 ἄνδρας
1828 4445 1859 4496 et
1875 4455 1899 4496 ο.
1919 4442 1982 4496 bui
1998 4438 2040 4509 (ολ

547 4509 757 4583 τετταράκοντα)
770 4510 807 4564 τό
827 4518 873 4580 μίν
885 4516 960 4583 μέχρι
978 4516 1042 4567 δέκα
1059 4511 1183 4584 δραχμῶν
1201 4509 1351 4575 αὐτοτελεῖς
1361 4519 1414 4568 τίσι
1430 4515 1550 4576 δικάζευ,
1569 4517 1604 4566 τὰ
1619 4510 1712 4583 dissip
1726 4512 1806 4566 τοῦτο
1820 4516 1851 4566 τὸ
1866 4515 1967 4581 τίμημα
1980 4521 2038 4577 τοῖς

547 4588 694 4670 διαιτηταῖς
711 4583 908 4670 παραδείίωκ
931 4583 1068 4641 001181810
1086 4583 1198 4640 videtur
1219 4584 1392 4654 inoptlulme
1418 4585 1613 4722 mo5lstratum
1626 4588 1891 4671 ¹sfoayrsytenrstiilti
1911 4586 2037 4671 'quadra-

567 4653 2038 4815 &dimetientttthittidlhiipilhttittiffibttit

547 4802 687 4933 ωψωξὶλ
694 4799 1723 4944 ᾳῌέεἳῗολᾛωὲξεξῗῶίξᾝὴῗωλᾞὲῗίίίωρει
1735 4875 1765 4928 et
1777 4878 1909 4944 opponat,
1929 4877 2035 4943 έπόμρ,

566 4941 622 4999 uod
649 4943 823 5000 tolerabilem
831 4958 1008 5000 sensumnon
1026 4943 1282 5015 praeostensione
1300 4960 1355 5002 non
1368 4946 1478 5016 ·potult;
1496 4948 1522 4998 ίν
1540 4946 1612 5015 μένῳ
1622 4945 1814 5016 reponendum
1831 4962 1895 5004 esse
1913 4952 2035 5003 nontam

673 5014 954 5086 lellocioompmtio
1019 5015 2032 5092 mipsaPolluoisvubsdooeot.otiltojenliul.l.p.18.Bmsyltp.bd

648 5086 683 5158 ’ἦ
700 5087 821 5161 Εωγω
838 5087 929 5158 appl-
946 5109 963 5142 τ
999 5089 1132 5162 χρήματα,
1150 5090 1233 5147 Blus
1251 5092 1301 5153 κδς
1319 5091 1477 5161 σκιφίας.
