4358 5820
1082 303 1102 368 8

349 512 511 596 φέροντες
556 508 688 586 τούτοις
733 506 944 586 ἀποδιδόασι.
996 512 1068 579 ἐστι
1121 509 1177 579 καλ
1191 511 1230 580 τὰ
1247 512 1432 600 γράμματα.
1455 513 1603 584 actim
1616 521 1654 586 οδ
1664 521 1840 610 πρυτάνεις

348 593 379 664 δ’
378 596 538 688 ἐπιστύτη
600 599 667 662 τοῖν
713 597 909 686 πρυτάνεων
952 586 1000 676 είς
1045 596 1065 664 ὃ
1120 599 1180 667 τὸν
1210 602 1318 690 δῆμον
1347 599 1371 713 η
1398 599 1459 693 την
1486 603 1614 694 βουλὴν
1643 607 1837 695 συνδγοσιν,

348 685 475 768 lutrio·
515 621 614 763 ούτος
642 683 672 752 δ
673 685 843 755 ἐπιστατεῖ
873 687 977 755 νύκτα
1011 686 1067 754 καί
1121 675 1220 765 οὗτος
1242 691 1277 768 ἐξ
1300 695 1439 783 έκαστης
1461 694 1570 784 φυλῆς
1592 696 1758 785 πρόεδρον
1781 699 1840 767 δυο

349 771 488 863 ἡμέραν,
513 773 568 841 καί
591 772 652 841 ούκ
668 776 759 843 ἐστιν
776 775 855 844 ούτε
870 778 971 845 πλείω
991 777 1065 864 χρύ·
1120 780 1248 870 κληροῖ,
1298 780 1411 871 μύνην
1455 781 1518 872 τήν
1563 787 1839 870 πρυτανεύουσαν

348 887 411 932 νου
449 863 529 931 ούτε
568 862 617 939 δὶς
654 865 713 931 τὸν
752 862 854 933 αύτόυ
899 869 1064 950 γενέσθαι,
1120 865 1241 954 α’φιείς.

350 962 444 1042 τηρεῖ
475 939 605 1030 δούτος
638 956 694 1029 τάς
727 978 763 1022 τε
792 957 879 1030 κλεῖς
907 954 965 1032 τὰς
999 960 1065 1021 τῶν

349 1044 457 1130 opor,
474 1043 511 1109 ἐν
527 1031 578 1121 οἷς
593 1042 633 1109 τὰ
648 1042 786 1134 χρήματ’
800 1047 892 1113 ἐστιν
909 1042 1016 1111 καὶτὰ
1028 1042 1065 1134 ¹⁷)

349 1132 578 1225 γράμματατῇ
599 1133 697 1201 πόλει
721 1183 833 1204 .....
857 1132 911 1201 καὶ
927 1133 1065 1202 ἐπειδὰν

349 1221 535 1378 σηνύηηοησιν
560 1225 596 1290 οί
615 1224 796 1380 πρυτύνηις
816 1222 877 1312 τὴν
899 1221 1067 1379 {logici}

348 1321 961 1492 δύο,ηύῗίἶῖἶςῗφῖιλῖοἷιιῖῖλ,
976 1337 1065 1492 iiii
1104 1371 1107 1378 ’

348 1494 404 1580 τῆς
429 1493 711 1582 πρυτανευούσης,
735 1539 900 1560 .......

453 1602 552 1690 Quod
573 1605 694 1674 Pollux
715 1612 891 1691 postquam
915 1607 1099 1693 explicavit,
1135 1628 1220 1693 quae
1247 1627 1356 1675 rerum
1379 1629 1500 1692 genera
1522 1610 1688 1695 primibus
1710 1612 1836 1680 ‹luobue

348 1694 495 1763 ecclesiis
519 1696 692 1763 ordinariis
716 1697 888 1779 assignata
908 1697 1039 1779 fuerint,
1063 1696 1281 1782 legationibus
1304 1698 1643 1785 caduceatoribueque
1666 1702 1836 1771 audiendis

351 1784 531 1867 legitimum
553 1791 682 1871 tempus
704 1785 805 1854 fuisse
826 1789 969 1870 tertiam,
994 1788 1028 1854 in
1051 1792 1172 1873 quarta
1194 1784 1270 1873 περὶ
1293 1787 1393 1868 ίεροῐν
1416 1789 1472 1852 καί
1493 1785 1594 1855 ὁσίων
1618 1791 1837 1859 consultatum

352 1900 425 1946 esee
448 1885 572 1964 narrat,
597 1900 670 1946 oum
693 1878 892 1950 Aristotelea
914 1882 1001 1950 inter
1023 1885 1156 1950 tertiam
1179 1887 1214 1949 et
1236 1888 1388 1967 quartam
1410 1885 1542 1967 negotia
1563 1906 1629 1951 non
1652 1885 1840 1967 distribuat,

351 1968 434 2034 haec
458 1970 681 2054 discrepantia
702 1990 766 2037 non
791 1971 890 2039 alieni
912 1971 1012 2039 fontia
1035 1994 1130 2038 usum
1144 1972 1299 2054 indicare,
1324 1973 1383 2039 sed
1398 1973 1603 2056 grammatici
1624 1973 1688 2056 ipei
1709 1975 1840 2057 ingenio

351 2057 481 2125 ridetur
504 2059 700 2126 vindicanda
723 2081 803 2127 esee.
827 2061 922 2127 Idem
946 2062 1035 2128 cadit
1057 2062 1091 2128 in
1113 2061 1215 2129 rerba
1231 2059 1456 2129 Aristoteleae
1478 2061 1689 2147 explicationi
1711 2083 1840 2130 annexa

348 2142 371 2235 ἢ
394 2142 716 2233 ἅποχιιροτονούσιν
741 2141 774 2229 (ξ
791 2143 849 2230 95)
873 2157 907 2216 et
922 2146 1025 2224 α’δεώς
1039 2142 1072 2232 (ἓ
1088 2144 1156 2235 96),
1181 2152 1301 2236 quippe
1324 2172 1410 2235 quae
1433 2172 1454 2217 a
1476 2152 1594 2219 ceteris
1617 2153 1838 2236 grammaticis

349 2241 459 2310 absint
494 2241 653 2310 omnibus.
700 2240 795 2328 Quae
830 2246 969 2330 denique
1004 2240 1091 2328 §96
1120 2247 1236 2314 addita
1259 2254 1336 2314 eunt
1357 2246 1458 2314 uerba
1480 2247 1516 2312 οί
1536 2245 1621 2328 πρὸς
1643 2255 1712 2320 ταῖς
1733 2246 1838 2322 δίκαις

346 2337 493 2423 intellegi
516 2344 684 2424 nequeunt
706 2332 760 2416 (cf.
784 2340 969 2410 Wilamow.
994 2336 1200 2429 1.1.167);
1238 2344 1310 2426 quie
1339 2364 1452 2410 eorum
1478 2351 1594 2410 auctor
1622 2343 1674 2423 eit,
1710 2343 1834 2426 ignoro.

451 2426 591 2512 Saepius
614 2434 725 2495 autem
747 2430 872 2497 factum
895 2438 954 2510 eet,
992 2437 1030 2498 ut
1055 2431 1174 2497 Pollux
1201 2431 1381 2515 pleniorem
1411 2438 1446 2499 et
1466 2431 1622 2501 lueiorem
1644 2431 1836 2499 Aristotelia

347 2517 589 2585 enarrationem
609 2518 795 2585 mutilatam
817 2520 971 2587 redderet
993 2527 1027 2587 et
1049 2520 1281 2586 circumcisam.
1327 2518 1528 2589 Adscribam
1542 2522 1713 2606 utriusque
1737 2520 1837 2606 ecrip·

346 2607 429 2693 torie
452 2606 554 2693 Ιοσοε,
578 2606 635 2692 qui
658 2607 701 2673 ad
723 2608 809 2674 hanc
831 2611 994 2677 rationem
1015 2609 1247 2676 illustrandam
1268 2608 1404 2676 faciant:

572 2711 714 2780 Aristot.
731 2735 759 2782 c.
776 2715 832 2782 55.
1304 2715 1390 2782 Poll.
1405 2716 1499 2785 VIII
1521 2717 1575 2785 85.
1593 2717 1647 2784 86.

351 2795 387 2860 oi
411 2795 448 2862 δέ
476 2794 678 2878 καλούμενοι
711 2796 808 2864 ἐννέα
835 2796 993 2884 ἄρχοντες
1026 2819 1063 2863 το
1119 2794 1291 2880 ύρχύντων
1326 2797 1361 2863 δὲ
1389 2800 1456 2862 τῶν
1484 2795 1658 2908 Ἀθηνησιν
1687 2794 1837 2880 ὀνόματα

349 2884 413 2967 μὲν
441 2883 475 2963 ἐξ
503 2881 606 2974 α’ρχῆς
639 2882 679 2951 ὃν
707 2887 833 2974 τρόπον
863 2889 1063 2953 καθίσταντο
1119 2888 1155 2953 οί
1176 2886 1278 2953 ἐννέα
1300 2884 1466 2971 ἄρχοντες,
1497 2886 1561 2953 εἰσι
1589 2887 1625 2952 δὲ
1648 2884 1759 2971 ἅρχων
1781 2892 1837 2971 βα.

347 2977 557 3064 προείρηται·
587 2978 649 3041 νῦν
673 2976 709 3042 δὲ
733 2977 913 3066 κληροῦσιν
943 2980 1065 3060 θεσμο·
1119 2974 1228 3050 σιλεύς
1251 2977 1462 3063 πολέμαρχος
1484 2974 1538 3043 καὶ
1560 2979 1767 3058 θεσμοθέται
1788 2975 1836 3054 λζ·

347 3068 448 3138 θέτος
470 3063 532 3146 μὲν
555 3064 591 3143 ἐξ
618 3063 674 3131 καὶ
702 3072 892 3152 γραμματέα
921 3068 1063 3156 τούτοις,
1119 3065 1155 3133 ἐκ
1178 3066 1305 3132 τούτων
1335 3064 1393 3153 γὰρ
1417 3066 1454 3132 οί
1479 3066 1578 3132 ἐννέα
1601 3066 1836 3154 συμπληροῦν-

348 3155 397 3220 δτι
424 3152 454 3220 δ’
453 3152 599 3242 ἄρχοντα
621 3153 677 3221 καὶ
705 3157 843 3243 βασιλέα
865 3153 919 3222 καὶ
941 3158 1064 3241 πολέμ-
1118 3179 1179 3222 ται.
1216 3155 1364 3223 ἐκαλεῖτο
1387 3158 1425 3222 δέ
1446 3179 1493 3230 τις
1514 3159 1735 3241 θεσμοθετῶν
1759 3152 1837 3223 ἀνά·

348 3267 452 3333 ορκον
623 3293 631 3310 .
667 3244 878 3333 ἐπερωτῶσιν
912 3243 951 3331 δ,
984 3243 1064 3313 ὅταν
1120 3264 1234 3334 κρισις,
1265 3242 1297 3312 εί
1318 3242 1488 3335 Ἀθηναῖοί
1517 3244 1602 3312 εἰσιν
1629 3249 1836 3333 ἑκατέρωθεν

347 3333 575 3418 δοκιμάζωσιν,
622 3337 755 3422 πρῶτον
792 3338 856 3418 μέν
903 3336 973 3426 ,,τίς
1011 3355 1065 3404 σοι
1119 3336 1157 3402 ἐκ
1183 3337 1357 3423 τριγονίας,
1393 3333 1449 3401 καλ
1483 3333 1542 3402 τὸν
1571 3336 1679 3424 δῆμον
1714 3335 1835 3423 πόθεν,

347 3421 456 3515 πατὴρ
479 3420 534 3490 καί
556 3421 668 3490 πόθεν
691 3427 756 3490 τοῖν
786 3425 911 3512 δήμων,
941 3423 996 3490 καὶ
1019 3427 1066 3498 τίς
1120 3423 1175 3490 καὶ
1198 3423 1522 3492 claromontano
1545 3421 1659 3502 αύτοῑς
1685 3427 1837 3507 πατρῷος

349 3512 473 3603 πατρὸς
497 3512 616 3602 πατήρ,
643 3510 699 3580 καὶ
724 3515 772 3590 τίς
793 3515 912 3602 μήτηρ,
942 3512 996 3581 καὶ
1018 3517 1067 3591 τίς
1120 3512 1175 3580 καὶ
1190 3512 1276 3590 Ζεύς
1295 3514 1415 3604 ἕρκιος,
1439 3512 1492 3582 καὶ
1516 3513 1546 3580 εἰ
1565 3513 1642 3586 τοὺς
1666 3515 1781 3594 γονέας
1797 3500 1834 3575 erl

348 3601 473 3692 μητρὸς
495 3601 603 3693 πατὴρ
625 3600 680 3670 καὶ
699 3604 810 3670 πόθεν
833 3607 898 3668 τῶν
916 3603 1066 3692 δήμονίίς
1122 3605 1268 3687 ποιοῦσι,
1293 3603 1348 3669 καὶ
1371 3603 1402 3670 εἰ
1425 3602 1655 3687 ἐστράτευνται
1679 3596 1762 3683 ὅπερ
1779 3602 1836 3688 τῆς

346 3691 428 3765 μετὰ
452 3693 489 3759 δὲ
513 3696 622 3777 ταῦτα,
646 3689 677 3758 εί
692 3694 781 3761 ἐστιν
800 3690 889 3777 αύτῷ
904 3691 1065 3760 Ἀπόλλων
1121 3693 1285 3781 πατρίδος,
1332 3690 1385 3758 καὶ
1423 3690 1454 3758 εί
1492 3691 1529 3757 τὸ
1575 3693 1700 3779 τίμημα
1743 3690 1836 3757 ἐστιν

348 3785 501 3867 πατρῷος
534 3780 589 3850 καὶ
623 3780 709 3861 Ζεύς
743 3787 872 3857 iactos
905 3780 961 3849 καὶ
996 3785 1067 3849 πού
1119 3779 1240 3857 αὐτοῖς.
1279 3780 1432 3870 ἐπηριύτα
1465 3779 1515 3868 δη
1549 3779 1664 3869 βουλή,
1700 3777 1836 3862 ὤμνυον

348 3876 450 3939 ταῦτα
471 3871 510 3937 τὰ
533 3871 607 3959 ίερύ
621 3872 722 3963 ἐστιν,
746 3807 818 3940 elno
832 3870 911 3961 ἠρία
926 3871 957 3939 εἰ
973 3873 1063 3939 ἔστιν
1117 3858 1242 3936 δὀύτοι
1265 3870 1349 3981 πρὸς
1363 3874 1403 3935 τ’
1417 3872 1570 3956 βασιλείῳ
1586 3870 1678 3956 στοᾷ,
1703 3868 1760 3935 ἐπὶ
1776 3872 1837 3933 τού

348 3960 404 4027 καὶ
430 3963 498 4027 πού
525 3966 636 4042 ταῦτα,
672 3962 787 4030 ἔπειτα
816 3966 933 4046 γονέας
960 3960 991 4027 εἰ
1024 3952 1064 4028 εδ
1116 3964 1218 4028 λίθου
1246 3958 1293 4045 ύφ
1317 3960 1354 4047 ¹⁸)
1381 3897 1470 4044 Ilici
1494 3968 1625 4042 ταμιεῖα
1636 3958 1684 4048 “’),
1708 3980 1835 4042 συμφυ-

346 4059 435 4134 ποεῖ,
471 4047 527 4116 καί
553 4051 593 4118 τὰ
621 4051 698 4142 τέλη
728 4051 759 4119 εἰ
787 4054 882 4133 τελεῖ,
919 4049 974 4118 καὶ
1008 4051 1065 4127 τὰς
1118 4051 1228 4130 λα’ξειν
1263 4051 1341 4124 τοὺς
1375 4050 1500 4132 νόμους
1529 4047 1584 4117 καὶ
1612 4047 1658 4138 μὴ
1694 4045 1835 4133 δωροδο.

349 4143 518 4229 στρατείας
537 4140 568 4208 εἰ
583 4141 795 4232 ἐστράτευται
820 4189 952 4212 .....
976 4141 1064 4208 δοκι.
1119 4168 1139 4205 κ
1152 4142 1243 4220 ’σειν,
1267 4136 1451 4225 ἢχροσούν
1475 4137 1537 4206 α’νδ
1559 4141 1655 4206 ια’ντα
1669 4135 1836 4202 ἀποτῖσαι.

347 4234 531 4316 μασθέντες
558 4231 595 4298 δὲ
623 4235 745 4300 τοῦτον
768 4230 827 4298 τὸν
854 4255 875 4295 τ
895 4231 982 4296 ύπον
1009 4235 1066 4316 βα·
1118 4165 1189 4296 afro
1211 4230 1371 4295 ἐντεῦθεν
1394 4226 1442 4305 εἰς
1464 4225 1649 4314 ἅκροπολιν
1676 4223 1832 4290 ύνελθόν.

348 4322 476 4401 δίζουσι
498 4320 582 4409 πρὸς
604 4319 664 4388 τὸν
679 4322 780 4390 λίθον
803 4257 900 4405 ἐμὲ
922 4317 961 4385 τὰ
977 4317 1066 4403 τύμι’
1119 4342 1171 4393 τες
1199 4318 1333 4403 ὤμνυον
1362 4316 1473 4384 ταύτά.
1510 4316 1654 4404 μυρρίνη
1680 4312 1717 4378 δέ
1750 4311 1837 4378 ἐστε·

349 4411 449 4490 ἐστίν,
472 4459 578 4479 .....
605 4408 785 4498 ἀναβάντες
821 4407 909 4476 δ’έπὶ
942 4412 1065 4475 τούτου
1120 4408 1338 4499 potamon).

348 4501 536 4590 ὀμνύουσιν
577 4503 709 4575 δικαίως
746 4501 858 4588 ἅρξιιν
897 4496 951 4564 καὶ
985 4498 1065 4565 κατὰ

350 4668 667 4680 ..ι--ῇ--ω--ψ

453 4736 487 4878 Ζύ
504 4733 915 4883 ύὲἳηᾱύοδοθξέύδιύύύθτύύεῗύῗ
927 4733 1153 4862 gffitcilorlgtti
1180 4803 1307 4871 exhibet;
1333 4804 1422 4862 ceteri
1449 4802 1588 4872 praebent
1605 4797 1654 4874 ἐφ’.
1673 4797 1708 4855 of.
1736 4798 1838 4857 Kaibel

349 4885 368 4942 ι
387 4883 405 4940 ¹⁸
423 4884 540 5025 Ρῑξδύὸ
558 4961 667 5026 ταμιεῖα
682 4952 748 5010 huic
765 4953 826 5010 loco
845 4968 901 5009 uon
919 4951 1068 5009 convenire
1080 4948 1258 5007 mucetum
1270 4952 1329 5020 eet3
1348 4948 1400 5006 aad
1418 4961 1488 5004 cave
1500 4946 1600 5004 medae
1616 4944 1675 5037 ulle
1685 4944 1839 5036 mutatione

352 5028 629 5119 genuinum'textnm
645 5025 848 5114 metituepdnm
866 5041 944 5095 στοας
963 5024 1045 5082 immo
1062 5023 1177 5094 Polluci,
1195 5021 1244 5094 qul
1261 5021 1338 5092 apud
1349 5020 1530 5078 Anewtelem
1546 5034 1596 5092 pro
1615 5042 1650 5073 τα
1669 5039 1730 5086 vop·
1747 5014 1840 5125 obiter

349 5098 1057 5242 “fflt'tz‘tttattttttstm
