4358 5820
402 1088 536 1228 Quae
568 1089 703 1192 ratio
735 1087 1021 1189 intercedat
1052 1085 1189 1185 inter
1220 1076 1348 1184 lulli
1378 1074 1603 1183 Pollucis

258 1228 597 1337 onomasticon
613 1235 668 1334 ot
683 1230 977 1332 Aristotelis
995 1231 1057 1330 de
1074 1225 1356 1351 Republica
1371 1223 1748 1326 Atheniensium

693 1366 818 1474 libri
847 1374 1047 1497 purtem
1079 1370 1312 1490 alteram,

871 1559 1137 1644 investigatur

996 1706 1016 1750 a

766 1808 995 1879 Reinholdo
1021 1804 1244 1880 Michaelis.

367 2003 479 2099 Julius
514 2025 644 2111 Pollux,
679 2029 830 2116 sophista
865 2027 923 2098 ille
957 2027 1167 2111 Naucratita,
1207 2030 1431 2099 onomastieon
1465 2029 1609 2097 condens
1630 2028 1756 2095 ramam

264 2124 297 2191 et
318 2112 534 2207 multiplicem
556 2119 740 2188 doctrinam
762 2120 907 2204 undique
931 2122 1095 2205 congessit
1129 2126 1164 2188 et
1197 2121 1415 2189 coacervavit:
1452 2120 1541 2203 quod
1572 2140 1654 2201 opus
1682 2139 1756 2185 oum

265 2210 369 2280 multa
390 2208 569 2292 contineat,
606 2231 691 2294 quae
713 2209 845 2276 aliunde
868 2215 948 2276 note
970 2232 1036 2276 non
1059 2206 1133 2289 sint,
1164 2211 1208 2278 ad
1234 2211 1392 2294 plurimas
1415 2209 1623 2293 antiquitatis
1644 2212 1756 2291 partes

266 2301 452 2368 accuratius
486 2298 729 2384 pernoscendae
762 2299 971 2366 utilissimum
1010 2321 1080 2366 esse
1109 2306 1210 2383 atque
1238 2300 1459 2367 necessarium
1487 2318 1585 2366 nemo
1616 2298 1755 2381 ignorat.

267 2384 476 2475 Quamquam
510 2409 587 2456 sero
620 2390 655 2456 in
689 2389 812 2456 talibus
848 2389 1094 2456 collectionibus
1118 2390 1228 2473 magni
1249 2391 1387 2457 interest
1408 2389 1602 2473 perspicere,
1638 2386 1756 2470 quibus

266 2478 411 2548 fontibus
434 2478 577 2562 scriptor
599 2500 678 2546 usus
701 2479 745 2545 sit
774 2485 808 2546 et
842 2479 1118 2564 quemadmodum
1152 2480 1272 2546 scrinia
1304 2485 1451 2547 veterum
1485 2483 1520 2546 et
1539 2477 1758 2545 recentiorum

269 2566 504 2655 compilaverit,
538 2573 577 2634 ut
605 2567 741 2652 singulis
767 2567 845 2635 libri
871 2569 1021 2654 partibus
1056 2569 1101 2635 ad
1125 2569 1299 2653 primarios
1331 2568 1438 2635 fontes
1467 2566 1611 2636 redactis
1640 2580 1758 2649 cogno·

269 2664 390 2738 scatur,
415 2656 495 2743 quid
518 2656 643 2724 distent
669 2679 748 2725 aera
769 2658 901 2743 lupinis,
931 2662 1041 2725 umen
1069 2665 1183 2726 vastus
1204 2657 1262 2724 ille
1285 2679 1419 2741 campus
1443 2658 1500 2724 diu
1522 2655 1665 2724 incultus
1687 2660 1761 2722 erat

270 2754 304 2816 et
326 2769 459 2815 vacuus.
483 2744 604 2814 Altera
621 2747 751 2814 demum
766 2747 891 2816 saeculi
906 2748 1083 2833 superioris
1105 2754 1201 2832 parte
1224 2748 1409 2830 disquisitio
1432 2747 1571 2814 fontium
1593 2745 1760 2830 copiarum

268 2835 502 2915 Polluoearum
536 2856 634 2920 saepe
657 2837 873 2923 egregiarum
907 2837 1062 2904 inchoata
1096 2844 1156 2904 est.
1214 2834 1268 2903 Ac
1302 2842 1391 2904 certe
1414 2859 1480 2904 nou
1503 2841 1555 2904 cst
1575 2834 1761 2901 mirandum

268 2925 376 2996 fontes
399 2946 514 2993 eorum
537 2926 730 2992 onomastici
744 2926 901 3008 locorum
927 2925 1044 3011 quibus
1060 2927 1301 3010 grammaticus,
1327 2926 1416 3011 quod
1430 2926 1623 3011 plerumque
1637 2923 1762 2990 iactum

270 3023 331 3099 est,
367 3015 444 3083 exili
467 3010 626 3098 aridaque
660 3035 776 3082 vocum
802 3037 980 3100 earumque
1014 3037 1264 3100 synonymorum
1297 3015 1542 3083 enumeratione
1574 3013 1628 3081 rel
1661 3012 1761 3096 expli-

272 3107 401 3172 catione
424 3108 599 3171 contentus
623 3103 695 3187 fuit,
726 3105 836 3188 detegi
857 3105 985 3171 uixdum
1009 3109 1144 3189 coeptos
1168 3127 1248 3187 esse,
1274 3126 1348 3172 cum
1371 3105 1521 3188 quaestio
1543 3103 1655 3170 multis
1678 3099 1761 3168 diiii-

275 3193 452 3262 cultatibus
474 3190 631 3260 intricata
654 3215 760 3278 neque
782 3194 830 3261 ita
851 3195 994 3261 iucunda
1017 3195 1069 3261 sit.
1127 3193 1254 3262 Oontra
1277 3216 1392 3261 eornm
1418 3194 1608 3262 auctoribus
1630 3190 1763 3259 inresti-

274 3280 400 3368 gandis‚
424 3302 508 3367 quae
530 3283 659 3368 plenius
681 3288 828 3350 hastata
850 3304 914 3349 uno
936 3289 975 3350 ut
996 3285 1045 3350 ita
1060 3285 1168 3351 dicam
1190 3290 1304 3351 tenore
1328 3307 1369 3352 ex
1391 3276 1465 3351 aliis
1489 3282 1657 3369 descripta
1678 3286 1763 3361 sunt,

273 3371 334 3440 viri
356 3372 446 3439 docti
466 3366 555 3438 hand
578 3371 699 3441 infelici
722 3394 874 3440 successu
897 3394 1031 3457 operam
1054 3365 1255 3455 dederunt.¹)

376 3579 563 3642 ¹i1auritius
581 3583 678 3652 Haupt
695 3580 823 3650 (Hermes
840 3583 883 3640 III
901 3582 955 3639 iil
979 3583 1051 3654 sqq.)
1078 3588 1227 3654 postquam
1251 3584 1298 3639 alii
1321 3584 1424 3640 leviter
1449 3597 1509 3639 rem
1537 3583 1694 3653 tetigerunt
1720 3577 1765 3648 tei.

274 3652 409 3711 hlihaus:
427 3650 628 3719 Quaestionum
647 3652 683 3711 de
700 3654 769 3711 Juiii
787 3654 907 3711 Pollucis
931 3653 1055 3713 fontibus
1074 3660 1221 3727 specimen.
1257 3657 1381 3713 Berolini
1400 3656 1479 3712 1874.
1498 3671 1525 3725 p
1545 3653 1598 3722 29).
1626 3654 1766 3712 Pollucem

274 3727 304 3783 in
321 3722 512 3798 componendo
531 3725 654 3782 meando
672 3725 836 3782 onomastici
855 3725 927 3783 libro
945 3727 1010 3784 inde
1029 3743 1047 3784 a
1065 3730 1081 3791 t
1098 3727 1134 3783 22
1153 3743 1242 3799 usqm
1254 3728 1292 3784 ad
1304 3730 1320 3792 t
1330 3728 1392 3792 226,
1404 3727 1454 3784 ubi
1466 3727 1502 3784 de
1514 3726 1644 3798 partibus
1655 3725 1767 3784 humaui

275 3798 400 3869 corporis
417 3795 552 3868 disputat,
570 3792 633 3855 liud
651 3796 773 3868 Ephesii,
792 3794 906 3854 halani
924 3799 1056 3870 aequalis,
1074 3799 1205 3870 libellum,
1231 3801 1275 3856 cui
1293 3801 1392 3857 titulus
1409 3803 1455 3857 est
1472 3805 1531 3868 nect
1551 3799 1699 3869 &epactae
1716 3798 1768 3853 eois

243 3872 249 3881 '
276 3871 327 3925 soi
346 3867 496 3937 ἄσθρόποιν
513 3873 623 3937 poples,
642 3871 731 3927 tacito
748 3874 863 3926 auctore
882 3872 1001 3926 inustum
1019 3886 1137 3928 vocasse
1155 3877 1214 3928 tam
1231 3872 1317 3929 certis
1334 3870 1528 3943 comprobavit
1544 3869 1718 3928 testimoniis.
1734 3874 1769 3927 ut

275 3940 312 3999 de
329 3940 384 3999 hac
397 3957 429 3998 re
449 3956 486 3998 ne
505 3942 604 3999 umbra
623 3941 735 4012 quidem
754 3943 875 4012 supersit
894 3943 1084 3999 dubitationis.
1123 3943 1201 4009 Quod
1221 3945 1257 4001 ad
1271 3944 1404 4013 subsidia,
1424 3943 1525 4015 quibus
1542 3947 1656 4014 praeter
1668 3942 1769 3999 Rufum

273 4029 343 4071 usus
360 4008 405 4082 ult,
424 4014 536 4081 attinet,
550 4015 698 4070 Eduardus
711 4014 837 4069 Zarncke
851 4013 1012 4084 (Symbolae
1025 4016 1061 4071 ad
1075 4016 1142 4072 Juiii
1155 4017 1275 4074 Pollucis
1287 4022 1439 4074 macutum
1452 4016 1487 4072 de
1524 4014 1633 4073 artibus
1645 4015 1770 4086 corporis

275 4085 397 4144 hamul.
433 4087 467 4143 lu
487 4086 547 4143 siae
567 4085 648 4154 1884)
675 4087 810 4156 peculiari
836 4086 966 4142 instituta
994 4088 1159 4157 quaestione
1187 4090 1272 4145 etiam
1299 4088 1425 4146 tabulam
1452 4104 1478 4144 m
1517 4087 1646 4145 ‘clnalem
1671 4088 1772 4144 incerti

274 4158 407 4228 καίοι-1ο,
427 4102 604 4246 deiuitiones
630 4158 754 4216 medicas
772 4163 802 4215 et
831 4158 910 4228 ipsas
940 4160 1041 4216 incerti
1059 4161 1191 4224 motoris,
1219 4162 1328 4219 lexicon
1359 4161 1527 4217 rhetoricum
1554 4158 1681 4217 adhibila
1707 4174 1770 4216 esse

376 4300 482 4359 Erviuo
500 4300 607 4373 Rhode,
626 4301 674 4371 qui
692 4301 746 4371 „de
765 4301 833 4358 Juiii
846 4302 967 4358 Pollucis
983 4302 1012 4358 in
1030 4309 1170 4373 apparatu
1188 4306 1316 4363 scaenico
1330 4304 1487 4361 enarrando
1500 4299 1642 4362 lonhbut‘

277 4372 494 4462 (Upshelssidi,
506 4373 588 4431 facile
600 4373 773 4430 concesseris
784 4373 924 4431 Pollucem
932 4375 1070 4461 iurarem
1082 4378 1272 4434 scaenicorum
1285 4378 1463 4434 enarratione
1475 4374 1503 4443 (Ι.
1517 4378 1558 4434 Ν
1571 4379 1587 4439 i
1599 4376 1699 4440 isi-t
1726 4373 1773 4444 tl)

277 4446 397 4516 pluruma
407 4444 499 4504 iubae
512 4447 589 4517 regis
600 4445 801 4502 liaurmiorum
815 4452 944 4516 osorem„
958 4447 1191 4519 concipiebam,
1205 4465 1370 4522 quamquam
1383 4460 1483 4505 nomon
1497 4449 1620 4506 amtorb
1631 4460 1772 4519 uunquam

278 4522 461 4575 memoratum
479 4522 532 4588 est,
551 4533 708 4588 synonyma
726 4522 819 4574 autem
839 4518 979 4575 vocabula
996 4536 1088 4576 rerum
1112 4521 1292 4594 descriptioni
1310 4521 1414 4592 passim
1429 4518 1634 4590 intermixtae
1652 4525 1773 4592 cynosy-

279 4606 385 4647 morum
403 4589 566 4646 collectione
584 4589 714 4646 derivata
732 4605 803 4647 esse.

274 4663 446 4789 mmlrffe
464 4667 531 4790 mit?
551 4662 721 4791 igp‘yiginfi
740 4662 861 4790 quiffiue
880 4678 970 4791 ἶιὲιιοι
990 4663 1197 4792 dissemffitiffie,
1216 4663 1391 4792 qussgniuscri
1391 4664 1469 4723 bitur
1490 4665 1552 4738 „Ile
1567 4665 1635 4724 Julii
1653 4664 1774 4721 Pollucis

258 4766 316 4861 ‘de
333 4820 365 4861 re
384 4749 507 4875 miiaiin
519 4749 556 4874 iil
568 4749 820 4875 §liilalmimieiilh
837 4750 1033 4877 &nomi
1051 4813 1109 4877 περὶ
1129 4752 1232 4878 lonigo
1255 4740 1774 4880 ccriffiuliixsnptitqiiiailsoufelffi

191 4922 196 4930 ,
280 4891 342 4933 cum
361 4878 397 4934 de
416 4877 501 4935 rebus
519 4879 557 4935 ad
574 4884 663 4936 artem
681 4874 805 4935 ieuandi
822 4879 1031 4949 pertinentibus
1049 4879 1208 4951 disputaret
1224 4880 1262 4946 (V
1280 4883 1296 4944 b
1315 4881 1402 4946 1-s
1420 4881 1468 4952 so)
1484 4883 1572 4940 mults
1591 4894 1628 4937 ex
1651 4879 1774 4936 clamem

274 4948 427 5044 'suflptcris
457 4950 628 5039 cynegetioo
656 4950 841 5039 inhorreum
870 4967 965 5038 suom·
977 4953 1204 5081 coffiortayisse
1250 4953 1404 5012 Prwterea
1416 4955 1553 5044 ,hoellum
1574 4952 1670 5009 nmio
1697 4952 1776 5008 ouius

281 5020 406 5078 auctoris
425 5020 622 5093 Xenophonteo
641 5023 758 5080 simulem
775 5021 820 5079 hnc
838 5022 988 5095 consulunt,
1065 5028 1078 5079 t
1094 5025 1150 5081 nhc
1169 5023 1307 5082 Simonem
1320 5024 1528 5096 Atheniensem,
1541 5040 1624 5097 quem
1641 5024 1697 5080 iam
1709 5028 1777 5081 aute

282 5091 500 5163 Xenophontem
526 5095 562 5152 de
592 5094 690 5152 eadem
717 5095 837 5152 materia
864 5101 1079 5153 commentatum
1104 5112 1167 5153 esse
1184 5096 1247 5168 ipsa
1264 5096 1347 5156 huius
1364 5099 1508 5170 scriptoris
1525 5095 1615 5154 rerba
1631 5096 1708 5167 naq.
1727 5097 1776 5154 11

281 5163 409 5296 m
422 5165 548 5237 Utroque
566 5172 660 5224 anum
679 5167 740 5224 loco
759 5166 869 5226 lexicon
887 5166 1029 5238 quoddam
1046 5166 1215 5226 rhetoricum
1234 5168 1261 5227 ei
1278 5171 1316 5230 ad
1334 5185 1445 5228 manum
1463 5169 1548 5228 tubas
1565 5182 1625 5226 usa
1641 5171 1687 5226 est
1703 5168 1779 5240 qnod

1567 5325 1602 5383 10
