4358 5820
981 267 1192 366 “10

335 476 621 588 φισβητήσειςτὰς
636 474 798 563 ituraeos
812 473 1057 588 γεράνάπάσας
1109 477 1263 566 αγορεάει
1284 477 1321 546 55
1344 487 1414 555 τοῖς
1447 479 1485 546 ἰν
1520 481 1610 593 αἰτία
1643 484 1831 570 ἀπέχεσθαι

334 553 441 642 οὗτος
464 568 687 653 λαγχάνονται
701 566 737 633 55
754 567 928 637 καίαίτοά
942 569 1054 652 φάνου
1106 571 1296 659 μυστηρίων
1331 567 1387 636 καί
1420 573 1485 636 τάν
1519 569 1629 639 ἀλλων
1662 581 1825 663 νομίμων

333 658 422 722 δίκαι
456 661 561 725 πάσαι
588 657 674 746 πρὸς
696 660 827 739 τοῦτον,
857 657 912 726 καί
932 654 950 723 5
974 680 1054 747 προ
1107 659 1231 738 δικάζει
1252 659 1289 726 55
1312 658 1424 726 καί
1389 682 1447 734 τας
1468 664 1534 727 ταῖν
1557 660 1654 773 ἀψάγ
1656 691 1703 733 ων
1725 669 1826 748 δίκας.

333 748 505 831 αγορεύωυ
518 747 688 836 εἴργεσθαι
700 752 765 813 τῶν
785 710 939 835 νομίμων
956 747 1054 823 αὑτάς
1107 747 1167 837 τὴν
1175 749 1216 837 ”)
1239 748 1275 815 55
1292 752 1515 818 συνοικοῦσαν
1531 748 1616 838 αάτα
1604 756 1827 841 βασίλισσαν

333 834 424 902 ἰστιν
437 888 535 910 .....
559 836 734 921 είσάγειδὲ
750 834 937 925 asama
936 886 1052 918 ......
1108 839 1276 909 καλοῦσιν.

334 922 389 991 καί
411 922 429 991 5
454 925 659 1014 flatui-555⁰
633 951 715 994 οταν
737 929 852 1038 δικάζῃ
875 936 1053 1039 περιαιρεῑ

333 1038 387 1082 ται
420 1016 481 1083 τὸν
517 1023 695 1105 στέφανον.
731 1015 749 1084 5
778 1019 815 1086 55
848 1016 909 1107 555
944 1015 1053 1084 αἰτίαν

333 1106 420 1188 ίγων
447 1108 506 1174 τδν
533 1107 597 1194 μὲν
624 1106 727 1175 ἀλλον
755 1109 898 1218 χρόνον
910 1105 1055 1195 εἴργεται

333 1196 574 1286 τοῖνίεράν...
588 1195 1053 1288 ,καὶτὰςτάνάψύγωνημ

440 1309 595 1397 Quinque
624 1313 814 1398 capitalium
844 1314 1097 1380 dicasteriorum
1124 1314 1379 1397 descriptionem
1401 1335 1423 1380 a
1444 1314 1638 1402 philosopho
1667 1319 1824 1403 expositis

334 1403 422 1486 regis
445 1402 561 1470 officiis
584 1404 775 1470 adiunctam
798 1404 1155 1488 onomasticographus‚
1180 1405 1233 1471 cui
1247 1395 1592 1484 infra(§117-120)
1615 1408 1747 1476 easdem
1768 1430 1822 1475 res

334 1493 494 1559 tractanti
517 1493 602 1560 alius
624 1492 698 1561 fons
720 1495 814 1578 isque
836 1493 970 1560 uberior
992 1500 1027 1561 et
1047 1494 1177 1578 plenior
1198 1498 1332 1580 praesto
1354 1493 1426 1576 suit,
1451 1500 1647 1580 aspernatus
1669 1503 1729 1580 cst,
1759 1498 1823 1566 nisi

334 1581 423 1664 quod
450 1603 499 1664 ea,
529 1604 615 1667 quae
641 1582 719 1650 inde
748 1603 769 1648 a
795 1582 904 1649 verbis
933 1580 989 1647 καί
1017 1581 1075 1655 τὰς
1098 1586 1159 1648 τοῦ
1181 1583 1293 1668 φόνου
1316 1583 1409 1657 δίκας
1442 1585 1483 1652 de
1516 1586 1604 1669 regis
1637 1588 1822 1656 muneribus

333 1678 509 1744 memoriae
531 1677 688 1762 prodidit,
713 1699 753 1745 ex
775 1676 989 1747 Aristoteleis
1013 1679 1258 1762 conglutinavit.

558 1784 701 1853 Aristot.
717 1806 745 1852 c.
761 1785 816 1852 58.
1330 1786 1416 1855 Poll.
1433 1787 1526 1859 VIII
1541 1789 1595 1855 91.

335 1863 409 1933 555
431 1867 644 1977 πολέμαρχος
659 1866 738 1935 θυέι
752 1867 816 1952 μὲν
833 1871 1008 1943 θυσίας’
968 1891 1054 1957 epae
1108 1865 1127 1935 5
1155 1868 1192 1935 55
1219 1869 1432 1956 πολέμαρχος
1459 1870 1539 1937 θύει
1570 1869 1634 1953 μὲν
1669 1867 1825 1958 ’Δρτδμιδι

333 1955 491 2045 ’Δρτίμιδι
513 1961 553 2044 τῇ
574 1954 736 2067 ἀγροτέρρ
758 1955 813 2024 καί
834 1982 878 2043 τῳ
866 1955 1053 2044 ’,Ἐνυαλίῳ
1108 1955 1270 2069 ἀγροτέρα
1297 1957 1353 2026 καί
1380 1963 1427 2044 spi
1447 1957 1620 2044 Ἐνυαλίῳ,
1655 1962 1829 2051 διατίθησι

335 2049 504 2135 διατίθησι
533 2046 674 2130 δ’ἀγοῑνα
697 2045 755 2113 τὸν
780 2047 971 2138 ἐπιτάφιον,
1000 2047 1055 2116 καί
1108 2048 1144 2115 55
1189 2047 1250 2117 τὸν
1286 2049 1477 2159 ἐπιτάφιον
1523 2046 1633 2134 ἀγῶνα
1677 2052 1744 2119 τάν
1790 2050 1828 2116 ἰν

335 2147 406 2212 τοῖς
429 2136 698 2247 τετελευτιρκάαιν
721 2136 757 2202 ἐν
774 2141 820 2222 τῴ
842 2139 977 2223 πολέμῳ
1000 2137 1055 2204 καί
1108 2139 1244 2248 πολέμῳ
1274 2136 1530 2224 ἀποθανόντων,
1565 2135 1620 2206 καί
1648 2148 1719 2249 τρῖς
1749 2138 1827 2250 περὶ

331 2224 489 2314 ’Δρμοδίφ
514 2249 569 2292 και
592 2230 835 2312 Δριστογείτονι
859 2227 1057 2311 ἐναγίσματα
1108 2224 1279 2317 ’Δρμάδιον
1302 2230 1457 2311 ἐναγίζει·
1502 2230 1591 2296 δίκαι
1619 2227 1703 2316 πρὸς
1725 2227 1827 2296 αάτδν

333 2325 437 2390 ποιεῖ
460 2317 550 2383 δίκαι
565 2315 602 2384 55
618 2315 839 2400 lauricomos
853 2316 938 2401 πρὸς
953 2315 1055 2385 αάτδν
1107 2319 1331 2404 λαγχάνονται
1343 2322 1509 2403 μετοίκων
1532 2316 1690 2386 ἰσοτελῶν
1710 2323 1827 2405 προξί

333 2404 417 2474 ἴδιαι
438 2405 549 2490 μόνον
582 2412 623 2472 αὶ
640 2428 676 2472 τε
704 2416 774 2481 τοῖς
796 2410 965 2490 μετοίκοις
1000 2406 1056 2474 καί
1109 2423 1188 2475 νων·
1226 2407 1282 2476 καί
1315 2412 1465 2518 διανέμει
1493 2408 1530 2474 τὸ
1561 2408 1675 2491 λαγόν,
1707 2407 1827 2498 ἑκάστη

336 2505 406 2570 τοῖς
440 2493 602 2563 ἰσοτελέσι
631 2493 687 2563 καί
713 2498 752 2562 αἱ
776 2506 846 2569 τοῖς
879 2502 1055 2585 προξένοις
1109 2499 1199 2586 φυλῇ
1213 2523 1244 2565 τι
1257 2503 1368 2610 μέρος,
1384 2497 1420 2565 τὸ
1445 2499 1509 2582 μὲν
1520 2500 1702 2608 διαιτηταῖς
1723 2521 1827 2585 παρα.

335 2586 541 2670 γιγνόμεναι.
588 2582 643 2652 καί
676 2586 730 2653 δεῖ
756 2587 877 2653 τοῦτον
910 2586 1055 2697 λαβόντα
1108 2587 1230 2676 διδούς,
1266 2586 1407 2673 εἰσάγων
1436 2589 1472 2655 55
1500 2591 1593 2663 δίκας
1621 2586 1827 2656 ἀποστασίου

335 2674 392 2744 καί
420 2678 635 2760 διανείμαντα
664 2674 744 2743 δέκα
771 2682 857 2766 μέρη
885 2675 921 2744 τδ
950 2675 1055 2758 λαγὸν
1109 2646 1334 2767 ἀπροστασίου
1358 2679 1488 2768 κλίρων
1510 2680 1686 2761 μετοίκων.

336 2766 456 2872 ἑκάστῃ
472 2788 509 2854 τῃ
498 2767 616 2875 φυλῇ
631 2769 733 2852 μέρος
748 2770 961 2854 προσθεῖναι,
976 2765 1056 2843 τοὺς

336 2855 430 2922 55
396 2880 456 2965 την
480 2853 591 2943 φυλὴν
619 2855 813 2934 δικάζοντας
834 2864 904 2931 τοῖς
932 2858 1055 2946 διαιτη-

338 2955 409 3021 ταῖς
430 2944 627 3019 ἀποδοῦναι.
666 2943 767 3020 αάτδς
788 2944 943 3031 δἐἰσάγει
964 2946 1056 3020 δίκας

336 3036 394 3111 τάς
405 3060 442 3103 τε
457 3060 517 3104 του
505 3033 741 3102 ἀποστασίου
757 3058 812 3101 και
802 3032 1055 3124 ἀπροστασίου

337 3124 393 3193 καί
415 3126 546 3215 κλήρων
569 3149 625 3193 και
614 3123 833 3215 ἐπικλήρων
855 3134 925 3202 τοῖς
946 3128 1055 3212 μετοί

337 3238 408 3290 κοις
408 3272 546 3306 ......

439 3330 610 3398 Pollucem
625 3330 845 3399 sacerdotalia
859 3329 955 3398 huius
971 3330 1184 3414 magistratus
1199 3351 1336 3399 munera
1358 3335 1567 3398 enarrantem
1587 3330 1652 3397 levi
1673 3329 1828 3397 bracchio

339 3421 449 3504 egisse
467 3426 501 3487 et
522 3441 639 3504 parum
663 3424 817 3488 accurate
838 3420 960 3487 librum
986 3417 1263 3486 Aristoteleum
1252 3421 1435 3505 inspexisse
1456 3420 1676 3487 Wilamovvitn
1705 3418 1784 3492 (1.1
1808 3415 1828 3480 I

337 3531 370 3594 p.
394 3511 461 3578 249
496 3530 572 3577 ann.
604 3502 682 3584 130)
716 3510 848 3577 disertis
881 3510 991 3577 verbis
1027 3509 1187 3592 exposuit.
1244 3508 1363 3592 Neque
1397 3512 1503 3576 minus
1536 3509 1760 3588 indiligentem
1793 3505 1828 3569 in

340 3600 554 3689 sequentibus
578 3620 614 3666 ss
636 3598 803 3684 praebuit;
839 3600 959 3666 etenim
986 3618 1070 3683 quae
1105 3598 1146 3668 de
1172 3598 1398 3665 iurisdictione
1423 3596 1625 3680 polemarchi
1645 3592 1829 3661 Aristotele

340 3694 520 3773 praeeunte
544 3689 633 3770 dicit,
669 3695 739 3757 tam
761 3690 971 3756 vehementsr
992 3688 1159 3755 contraxit
1181 3691 1282 3770 atque
1305 3686 1503 3770 depravavit,
1539 3692 1577 3752 ut
1600 3684 1710 3750 omnia
1732 3683 1830 3751 huius

341 3778 407 3847 loci
428 3779 667 3863 interpretandi
688 3784 724 3846 et
747 3778 942 3846 emendandi
964 3777 1138 3846 conamina
1158 3796 1245 3842 vana
1265 3774 1388 3842 fuerint
1409 3780 1443 3842 et
1457 3775 1561 3842 irrita
1584 3773 1683 3842 Nunc
1699 3773 1830 3841 demum

338 3867 428 3936 ionte
451 3874 565 3952 aperto
587 3867 831 3952 intelleguntur,
855 3888 941 3951 quae
964 3872 1063 3936 antsa
1086 3866 1228 3933 obscura
1249 3864 1388 3948 caligine
1410 3870 1505 3931 erant
1527 3869 1627 3932 tecta

543 3974 731 4043 Aristotc.
749 3977 803 4042 54.
820 3977 851 4043 3.
1339 3973 1425 4040 Poll.
1442 3971 1534 4042 VIII
1549 3973 1604 4041 98.

337 4057 500 4146 κληροάσι
528 4056 565 4124 55
589 4057 644 4125 καί
671 4062 862 4146 γραμματέα
892 4055 952 4125 τὸν
975 4054 1057 4124 κατὰ
1112 4051 1350 4166 γραμματείςό
1375 4053 1457 4121 κατὰ
1480 4056 1684 4168 πρυτανείαν
1694 4053 1828 4161 κληρω-

338 4147 542 4257 πρυτανείαν
555 4148 775 4232 καλούμενον,
788 4143 880 4223 δς
834 4173 901 4215 των
912 4170 1057 4234 γραμμα
1113 4142 1227 4223 θείς’
1208 4145 1275 4212 υπδ
1298 4147 1356 4234 τῆς
1377 4146 1524 4256 βουλῆς
1523 4143 1580 4211 δπί
1602 4148 1648 4229 τῷ
1669 4141 1708 4207 τὰ
1729 4141 1830 4251 γράμ-

338 4260 448 4303 τωντ
446 4233 528 4302 ’sort
564 4239 679 4325 κύριος
702 4236 814 4305 καί
778 4261 819 4304 τα
858 4239 1060 4326 ψφίσματα
1111 4258 1199 4319 ματα
1215 4234 1394 4322 φυλάττειν
1418 4233 1524 4303 καί
1488 4257 1528 4302 τα
1545 4236 1757 4344 ψηφίσματα,
1774 4228 1830 4297 καί

338 4326 377 4392 τὰ
403 4325 563 4410 γινόμενα
579 4329 746 4414 φυλάττει,
764 4327 818 4395 καί
805 4261 935 4394 ἰτάλλο
950 4327 1058 4394 πάντα
1117 4324 1262 4411 ἓτεροςέ
1264 4323 1303 4390 πί
1317 4327 1394 4400 τοὺς
1409 4327 1536 4409 νόμους
1551 4321 1617 4390 ἀπὸ
1636 4344 1694 4411 της
1706 4321 1832 4429 βουλης

338 4414 1061 4531 ἀντιγράφεταικαίπαρακάθηταιτῇβουλῇ
1117 4413 1426 4526 γειροτρνοάμενος
1451 4410 1588 4480 ὁδ’άπδ
1626 4415 1689 4478 τοῦ
1721 4409 1830 4496 δήμου

339 4497 623 4595 πράτερονμὲν
582 4529 643 4572 οον
654 4495 752 4586 ουτος
764 4500 805 4598 ἦν
818 4506 1061 4617 χειροτονητάς,
1117 4503 1264 4592 αἱρεθεὶς
1276 4505 1480 4617 γραμματεὺς
1496 4500 1715 4609 ἀναγινώσκει
1727 4503 1774 4584 τῷ
1795 4520 1831 4564 τε

408 4598 504 4671 ,νῦν
522 4594 559 4661 55
573 4600 686 4680 γέγονε
700 4596 876 4753 κλρρωτάς
902 4596 1062 4706 κληροάσι
1115 4594 1209 4682 δήμῳ
1233 4593 1288 4662 καί
1311 4620 1348 4686 τῃ
1336 4595 1486 4703 βουλῇ
1508 4587 1830 4707 ἀντιγραφείςπρό.

337 4686 374 4754 55
386 4683 506 4754 καιίπι
518 4708 597 4760 τους
607 4709 734 4769 νομους
764 4682 1062 4797 τερον”)οςπαρα·
1116 4706 1214 4795 τερον
1235 4684 1315 4793 μὲν
1330 4683 1458 4794 αἱρετὸς
1479 4674 1580 4757 αὖθις
1605 4680 1643 4747 55
1666 4677 1833 4769 κλαρωτδς

341 4777 486 4867 κάθηται
502 4797 540 4863 ηρ
527 4777 668 4865 'consp
685 4776 740 4843 καὶ
755 4774 991 4865 ἀντιγράφεται
1007 4771 1062 4840 καί
1115 4763 1167 4862 ἦν,
1191 4771 1245 4840 καί
1267 4772 1376 4840 πάντα
1398 4771 1621 4860 ἀντεγράφετο
1639 4770 1832 4859 παρακαθή-

439 5011 474 5081 ”)
492 5013 599 5068 Nomen
617 5010 713 5082 regiae
731 5011 828 5069 uxoris
845 5009 1068 5071 eramowltcl
1078 5009 1156 5151 1.1p
1157 5009 1209 5065 295
1228 5025 1280 5067 suo
1300 5011 1361 5067 lure
1379 5008 1469 5066 lexico
1485 5006 1627 5066 rhetorico
1645 5006 1760 5064 addixit

440 5083 476 5153 ”l
496 5083 602 5142 Charta
621 5082 806 5140 uruloensis
818 5085 1008 5155 praebetmn
1232 5082 1376 5153 ροκααοδ
1389 5098 1424 5140 ex
1435 5081 1549 5140 Polluce
1562 5081 1691 5153 Kenyon,
1703 5079 1833 5150 princeps

338 5153 504 5214 Aristotelsi
523 5156 649 5227 opusculi
668 5153 768 5223 editor,
788 5101 837 5210 inp
837 5159 930 5211 intro
897 5177 962 5218 ς
978 5156 1063 5227 κδμ
1030 5176 1122 5213 τ
1095 5155 1184 5226 lep
1169 5103 1329 5211 :mutavit
