4326 5806
1012 316 1050 380 11

285 513 384 605 οδτος
423 526 556 601 πάντας.
602 535 790 637 χειροτονεῖ
821 524 857 593 rt
891 524 947 594 καὶ
980 524 999 595 d
1055 549 1159 613 μενος
1183 531 1224 616 τῇ
1250 527 1363 614 βουλῇ,
1410 525 1472 593 δύο
1500 524 1530 593 δ
1530 516 1626 615 ἦσαν,
1666 523 1778 612 ὁμὲν.

284 619 390 729 διῐμυς
423 621 614 705 γραμματέα
636 640 695 683 του
723 612 1001 702 άναχνασάμενου
1055 621 1113 709 τῆς
1133 615 1295 706 βουλῆςὸ
1321 617 1357 684 δὲ
1381 620 1438 707 τῆς
1460 617 1663 707 διοικήσεως,
1729 648 1732 653 ·

285 704 748 799 αυτῷκαὶτῇβουλῇ...,

389 820 443 889 Νε
474 821 530 888 bie
563 821 695 904 quidem
730 822 962 906 aturpissimo
995 821 1220 905 neglegentiae
1248 822 1382 888 crimine
1413 821 1775 905 onomastioographum

286 911 426 980 liberare
449 932 637 995 possumus3
660 932 737 978 nam
759 917 992 996 praeterquam
1021 912 1111 996 qnod
1141 910 1281 979 scribam
1307 908 1386 975 κατὰ
1411 912 1614 997 πρυτανείαν
1638 932 1659 978 a
1682 931 1774 976 sena-

287 1007 412 1075 toribus
436 1013 526 1075 sorte
541 1007 627 1088 duci,
651 1007 794 1075 scribam
810 1003 867 1075 ἐπὶ
882 1005 961 1081 τοὺς
983 1005 1108 1089 νόμους
1131 1006 1173 1074 ab
1190 1007 1314 1075 eisdem
1329 1007 1489 1091 porrectis
1506 1006 1657 1074 manibus
1671 1007 1776 1074 creari

288 1103 433 1186 tradidit,
464 1125 536 1170 eum
560 1101 771 1185 Aristoteles,
807 1105 840 1170 in
864 1125 930 1188 qno
953 1105 1077 1184 nititur,
1113 1109 1288 1188 utrumque
1311 1103 1550 1188 antiquioribus
1573 1101 1774 1187 temporibus

287 1190 524 1283 χειροτονητδν
546 1192 658 1275 luisse,
693 1199 770 1277 post
803 1199 893 1262 sorte
927 1193 1092 1278 apopulo
1115 1200 1247 1278 captum
1275 1214 1346 1261 esse
1367 1194 1495 1276 doceat,
1529 1195 1563 1260 iu
1584 1194 1675 1259 miris
1697 1191 1773 1273 illis,

287 1310 372 1373 qnae
396 1289 436 1356 de
460 1290 791 1374 contrascriptoribus
819 1291 928 1363 refert,
957 1311 1009 1357 res
1031 1290 1129 1374 plane
1151 1290 1296 1356 diversas
1324 1288 1572 1374 compilatorum
1603 1292 1774 1356 consuetu·

286 1380 360 1446 dine
384 1378 563 1447 coniunxit.
594 1378 722 1464 Nempe
743 1400 823 1447 roee
844 1378 1051 1447 Aristotelea
1073 1375 1310 1462 α’ντιχράφεται
1332 1379 1486 1446 inductus
1505 1379 1607 1447 rerba
1628 1379 1774 1445 auctoris

285 1467 387 1534 τᾶλλα
412 1466 520 1533 πάντα
543 1463 777 1554 άντιχράφεται
799 1466 855 1534 καὶ
878 1468 1115 1556 παρακάθηται
1137 1473 1177 1558 τῇ
1198 1470 1312 1558 βουλῇ.
1336 1467 1501 1556 πρότερον
1516 1467 1580 1552 μὲν
1597 1457 1660 1534 οὖν
1677 1453 1775 1542 οὗτος

285 1553 328 1654 ἦν
344 1561 589 1653 χειροτονητάς,
604 1563 666 1631 νῦν
682 1562 718 1630 tl
734 1568 849 1649 γέγονε
865 1563 1032 1655 κληρωτὰς
1047 1567 1094 1634 eis
1109 1565 1223 1648 assuit,
1241 1586 1326 1650 quae
1342 1565 1383 1632 de
1398 1562 1773 1649 contrascriptoribus¹²l

286 1682 304 1729 e
320 1661 432 1767 ‘lexico
447 1660 612 1729 rhetorico
623 1653 663 1742 ⁹⁸)
679 1666 718 1729 ut
733 1663 848 1747 opinor
870 1649 1050 1747 assumpsit
1063 1682 1190 1747 pannos
1210 1660 1456 1728 diversicolores
1476 1661 1570 1727 iuxta
1592 1660 1773 1728 collocatos

284 1770 416 1818 mrmme
439 1772 565 1819 curans.
1111 1764 1114 1775 ·

489 1845 630 1918 Aristot
648 1870 676 1917 c.
694 1850 747 1918 61.
764 1851 795 1916 4.
1132 1876 1134 1880 ³
1262 1847 1383 1915 Pollux
1397 1847 1491 1919 VIII
1507 1847 1560 1914 94.

286 1933 517 2013 χειροτονοῦσι
550 1930 588 1998 δὲ
626 1929 680 2000 καὶ
713 1932 903 2021 ἱππάρχους
937 1932 998 1999 δάο
1054 1936 1218 2018 ἵππαρχοι
1234 1930 1269 1997 δὲ
1286 1930 1347 1997 δύο
1365 1930 1400 2009 ἐξ
1417 1928 1574 1996 ἁπάντων
1589 1926 1773 2019 Ἀθηναίων

287 2021 322 2100 ἐξ
335 2017 491 2087 ἁπάντων
507 2071 515 2088 .
533 2071 541 2088 .
559 2072 567 2089 .
585 2073 593 2088 .
1054 2023 1246 2110 αἱρεθέντες
1269 2019 1506 2103 ἐπιμελοῦνται
1522 2021 1588 2086 ταῖν
1604 2021 1773 2103 πολέμου.

285 2113 516 2196 χειροτονοῦσι
543 2109 660 2179 δὲκαὶ
688 2110 880 2197 φυλάρχους
895 2114 917 2195 ί,
941 2111 1001 2178 ἕνα
1055 2114 1091 2178 οἱ
1116 2111 1152 2177 δὲ
1180 2112 1346 2196 φύλαρχοι
1373 2111 1462 2190 δέκα,
1493 2098 1541 2185 εἷς
1567 2107 1633 2178 άπὸ
1666 2112 1775 2198 φυλῆς

283 2204 341 2289 τῆς
353 2200 524 2290 φυλῆςτόν
536 2200 1001 2292 ἡχησόμευονταῖνῑππέοεν”)
1055 2202 1209 2292 ἑκάστης,
1255 2204 1321 2266 τῶν
1367 2202 1499 2268 ἱππέων
1544 2199 1771 2310 προΐστανται,

283 2287 395 2377 ὥσπερ
411 2293 448 2357 οἱ
467 2293 638 2380 ταξίαρχοι
660 2295 726 2357 τῶν
749 2288 906 2365 (internis.
1056 2291 1210 2377 καθάπερ
1234 2293 1271 2357 οἱ
1286 2293 1455 2378 ταξίαρχοι
1477 2293 1543 2356 τῶν
1567 2291 1722 2365 οπλιτῶν,

388 2405 586 2476 Generelem
620 2408 875 2493 hipparchorum
908 2409 1049 2476 muneris
1085 2406 1306 2475 definitionem
1344 2405 1388 2473 ab
1421 2403 1605 2473 Aristotele
1632 2405 1774 2472 alienam

283 2498 498 2582 grammatico
519 2498 583 2582 ipsi
605 2497 812 2565 tribuendam
847 2519 919 2566 esse
953 2518 1154 2583 quamquam
1187 2501 1362 2581 procerte
1386 2494 1543 2563 affirmari
1565 2517 1630 2562 non
1653 2501 1772 2577 potest,

283 2591 393 2654 umen
415 2587 589 2653 verisimile
610 2587 748 2669 ridetur,
772 2588 927 2673 quoniam
949 2589 1052 2656 ceteri
1066 2586 1271 2672 grammatici
1293 2586 1334 2653 de
1357 2584 1604 2672 magistratibus
1626 2585 1773 2652 militari·

283 2676 345 2743 bus
366 2680 499 2761 praeter
520 2673 710 2744 Aristotelis
735 2677 918 2745 doctrinam
940 2676 1022 2751 nihil
1043 2682 1211 2745 noverunt.

386 2764 487 2833 Locis
510 2787 592 2850 quos
614 2767 712 2834 modo
733 2768 1004 2852 pertractavimus
1027 2768 1116 2853 apud
1131 2766 1300 2834 Pollucem
1323 2764 1428 2832 multa
1447 2762 1652 2832 Aristotelea
1673 2765 1772 2831 iuter-

282 2856 391 2923 ierunt
425 2854 684 2940 ampliorumque
721 2855 908 2942 philosophi
941 2858 1109 2942 copiarum
1143 2877 1242 2940 saepe
1279 2853 1347 2922 fere
1386 2854 1467 2921 nihil
1505 2858 1675 2939 comparet
1711 2853 1774 2922 nisi

282 2945 409 3028 pallida
423 2946 598 3109 ,wdam
631 2945 841 3014 lineamenta.
885 2947 927 3013 In
964 2947 1091 3032 legistis
1125 2968 1202 3013 vero
1237 2944 1439 3029 explicandis
1474 2936 1573 3026 (Poll.
1596 2943 1689 3015 VIH
1713 2945 1771 3012 99:

281 3029 441 3109 λυγισται,
526 3026 580 3094 καὶ
602 3027 742 3104 τούτους
765 3024 786 3116 ἡ
809 3030 913 3117 βουλὴ
937 3030 1057 3118 κληροῖ
1089 3026 1158 3095 κατ’
1190 3024 1296 3115 ἀρχὴν
1320 3023 1363 3104 ὥς
1398 3029 1669 3115 παρακολουθεῖν
1704 3036 1774 3101 τοῖς

283 3123 496 3213 διοικοῦσιν.)
518 3146 559 3192 ne
581 3124 682 3192 rerba
704 3125 836 3211 quidem
860 3128 1004 3194 auctoris
1027 3126 1170 3193 servarit
1191 3125 1434 3208 grammaticus,
1470 3125 1617 3209 quamvis
1639 3145 1676 3190 re
1699 3145 1772 3191 cnm

283 3237 322 3286 eo
346 3222 538 3288 consentiat.
583 3220 672 3288 Nam
700 3222 822 3308 duplex
855 3243 956 3307 genus
978 3221 1171 3306 logistarum
1205 3221 1305 3287 inisse
1328 3219 1371 3287 ab
1395 3217 1580 3288 Aristotele
1604 3219 1769 3304 discimus,

282 3308 424 3375 alterum
446 3331 568 3393 eorum,
593 3311 650 3394 qni
672 3316 760 3380 sorte
783 3332 804 3379 a
825 3313 946 3396 populo
970 3311 1168 3379 creabantur
1190 3307 1231 3388 (ο.
1247 3311 1302 3378 54.
1319 3304 1364 3392 2),
1389 3309 1530 3378 alterum
1547 3329 1670 3391 eorum
1688 3329 1771 3392 qnos

281 3417 303 3464 a
337 3398 542 3467 senatoribus
575 3401 709 3467 sortitos
744 3422 770 3468 α.
795 3403 893 3470 48.3
922 3406 1168 3469 commemorat:
1207 3399 1367 3508 κλρροῦσι
1400 3398 1437 3464 δὲ
1465 3395 1519 3465 καὶ
1554 3395 1704 3478 λογιστὰς
1736 3396 1772 3477 ἐξ

281 3480 391 3552 adreio
419 3488 455 3553 ol
477 3484 654 3573 βουλευταὶ
679 3489 759 3555 δέκα
782 3487 859 3564 τοδς
880 3490 1118 3573 λογιουμένους
1149 3497 1218 3563 ταῖς
1240 3497 1356 3576 αρχαῑς
1378 3486 1460 3553 κατὰ
1483 3486 1544 3576 τὴν
1567 3487 1770 3574 πρυτανείαν

281 3581 433 3672 ἑκάστην.
478 3584 610 3653 Priores
633 3583 753 3653 Pollux
775 3587 905 3654 silentio
927 3588 1157 3673 praetermisit,
1181 3583 1417 3671 posterioribus
1441 3586 1510 3651 eius
1532 3583 1634 3650 verba
1648 3583 1770 3669 optime

281 3681 484 3748 conveniunt
509 3680 549 3748 cf.
573 3680 706 3766 Lipsius
727 3682 749 3749 L
773 3681 796 3749 l.
819 3704 851 3767 p.
876 3683 919 3752 65
943 3705 992 3768 sq.

382 3769 627 3856 Nonnunquam
653 3776 763 3839 autem
796 3772 915 3839 Pollux
944 3770 1137 3840 Aristotelis
1170 3769 1290 3837 librum
1325 3768 1511 3837 describens
1545 3790 1586 3835 ea
1618 3789 1698 3836 usus
1721 3775 1771 3835 est

280 3856 435 3926 libertate
468 3881 509 3927 ne
543 3860 651 3928 dicam
684 3860 828 3944 libidine,
862 3867 902 3928 ut
923 3861 1067 3929 auctoris
1090 3859 1324 3945 explicationes
1355 3859 1489 3926 dirersis
1511 3857 1593 3925 locis
1622 3858 1770 3943 prolatas

280 3948 494 4032 permisceret
515 3955 549 4016 et
571 3949 794 4019 confunderet.
841 3949 1001 4020 Conferas
1024 3950 1121 4018 velim
1142 3950 1239 4018 haec:

567 4054 707 4126 Aristot.
1280 4056 1365 4125 Poll.
1382 4054 1543 4127 vlnus.

279 4143 425 4212 ο.56,1.
447 4137 654 4223 λαμβάνουσι
676 4138 712 4207 et
736 4137 790 4207 καὶ
814 4139 999 4228 παρέδρους
1052 4135 1260 4228 πάρεδροι“)
1283 4136 1534 4221 δυ’νομάζονται
1557 4133 1616 4211 οδς
1638 4138 1769 4224 αἰροῦν.

278 4223 304 4291 ὅ
314 4246 350 4292 τε
369 4224 480 4316 ἅρχων
496 4226 550 4294 καὶ
565 4223 584 4295 o‘
599 4229 751 4316 βασιλεὺς
768 4227 823 4296 καὶ
838 4228 857 4296 ὁ
876 4233 997 4314 πολέμ.
1051 4227 1232 4316 κατάρχων
1250 4227 1304 4295 καὶ
1314 4224 1466 4315 βασιλεὺς
1481 4223 1535 4292 καὶ
1548 4227 1768 4314 πολέμαρχος,

379 4406 413 4476 ¹¹)
430 4409 600 4469 Aristoteles
617 4415 795 4483 praesentem
814 4411 985 4482 reipublicae
1002 4410 1119 4469 formam
1137 4409 1300 4467 describens
1318 4408 1369 4465 hos
1387 4409 1645 4478 contrascriptores,
1664 4408 1768 4479 quippe

277 4481 325 4553 qul
343 4481 398 4538 illls
416 4482 589 4554 temporibus
607 4485 698 4556 ignoti
716 4489 819 4554 essent,
839 4500 1053 4542 commemorare
1071 4484 1183 4541 omuino
1205 4498 1261 4538 non
1279 4481 1378 4552 potuit
1425 4480 1557 4537 Ceterum
1575 4480 1769 4549 Wilamowits,

277 4555 323 4610 rlr
339 4554 585 4627 ingeniosissimus,
614 4558 669 4614 iam
696 4556 841 4614 duodecim
869 4559 951 4613 anuis
977 4561 1044 4614 aute
1071 4556 1172 4614 librum
1195 4558 1337 4624 repertum
1355 4553 1422 4609 solis
1440 4553 1684 4623 grammaticorum
1701 4553 1769 4610 louis

276 4640 345 4684 usus
362 4642 398 4684 ea
415 4626 561 4698 durarit,
581 4645 654 4701 quae
672 4644 747 4686 nuno
765 4630 868 4700 optime
886 4627 1051 4686 confirmata
1069 4634 1141 4685 sunt.
1175 4626 1210 4684 ef.
1230 4627 1347 4682 Hermes
1371 4625 1440 4682 XIV
1459 4641 1486 4695 p.
1504 4626 1557 4681 148
1576 4641 1617 4696 sq.

378 4697 412 4767 ”l
431 4699 509 4767 Quae
528 4701 665 4759 densetis
683 4701 862 4758 Aristoteleis
880 4701 956 4772 apud
974 4703 1114 4758 Pollucem
1126 4703 1244 4768 restant,
1258 4713 1293 4754 ea
1304 4696 1342 4754 ad
1354 4698 1473 4755 eundem
1481 4701 1627 4755 auctorem
1640 4697 1767 4767 redeunt,

294 4788 359 4830 uem
380 4772 588 4844 Harpocratbu
606 4774 743 4845 expilavit
760 4773 905 4845 (Harpoer.
925 4774 969 4831 ed
988 4775 1066 4831 Imm.
1084 4773 1239 4841 Bekkerp.
1254 4771 1289 4825 22
1307 4766 1483 4842 ἀντιγραφάς
1504 4806 1510 4821 .
1530 4810 1537 4823 .
1555 4811 1562 4823 .
1583 4807 1590 4820 .
1610 4805 1618 4825 .
1637 4772 1722 4823 αιτιοι
1742 4774 1768 4824 οι

274 4787 345 4915 λαστ
369 4840 545 4919 (inemptis,
572 4844 586 4899 d
610 4854 657 4916 μὶν
675 4848 722 4912 alpe
744 4847 901 4914 διοικήσεως,
931 4847 964 4909 ὥς
988 4867 1052 4918 φησι
1075 4845 1229 4915 Φιλόχορος,
1253 4841 1268 4896 ὁ
1288 4847 1315 4897 δὲ
1338 4845 1385 4910 τῆς
1406 4844 1508 4914 βουλῆς,
1533 4839 1567 4904 ὦς
1586 4839 1769 4914 Ἀριστοτλλχς

274 4920 301 4972 lv
317 4914 467 4982 Ἀθηναιοι
486 4919 638 5004 πολιτεία),
657 4919 711 4975 uisi
729 4919 804 4989 qnod
822 4918 868 4974 bie
886 4919 1012 5006 pleulore
1028 4933 1114 5007 manu
1133 4932 1149 4973 e
1168 4915 1304 4973 communi
1321 4913 1400 4972 fonte
1417 4914 1519 4972 bausit.

374 5057 399 5092 ⁸⁸
427 4989 792 5134 gemhdhedd'ldffizm
804 4989 927 5119 gillffi?
940 4990 1082 5120 &gffidlgbz
1105 5066 1149 5114 καὶ
1167 5058 1292 5127 λογιστάς
1310 5057 1347 5125 (ol
1366 5048 1462 5125 δ’ἦσαυ
1482 5057 1565 5125 dieu)-

375 5129 408 5200 '¹)
425 5133 604 5205 llagbtratul
621 5136 637 5199 l
655 5135 732 5192 lbla
748 5135 861 5192 Polluce
878 5134 1046 5192 adumbrato
1063 5146 1164 5190 nomen
1178 5129 1216 5187 ab
1228 5129 1383 5187 editoribus
1396 5135 1463 5188 ante
1472 5130 1632 5187 Beklserum
1643 5125 1763 5187 inditum

270 5201 418 5280 (πόριορυι)
435 5203 536 5264 (εοεαε
553 5221 611 5265 nou
627 5222 691 5267 esse
708 5207 799 5265 oodex
815 5207 1021 5265 Laurentianus
1039 5204 1101 5262 lte-l
1120 5202 1298 5261 demonstrat
1314 5200 1360 5273 (et
1378 5203 1411 5259 u
1438 5202 1539 5261 Ιωι
1571 5200 1690 5320 dames
1707 5200 1763 5259 XV

1552 5291 1569 5344 2
