4358 5820
1047 279 1070 342 4

413 495 560 564 Numero
585 502 695 564 autem
717 496 875 580 locorum
911 497 1029 582 quibus
1054 497 1286 581 grammaticus
1320 497 1364 565 ad
1392 497 1543 565 latiorem
1566 504 1600 566 et
1623 497 1805 566 uberiorem

318 588 558 655 enarrationem
582 587 741 669 ascendit,
777 594 811 654 et
845 590 1005 671 gravitate
1040 610 1148 655 rerum
1171 588 1274 654 fusius
1309 592 1343 653 et
1370 588 1532 672 copiosius
1557 588 1805 673 explanatorum

316 679 402 744 inter
426 699 537 745 omnes
562 678 755 745 onomastici
778 678 880 746 libros
904 679 1014 746 nescio
1037 699 1080 744 an
1102 680 1241 762 primum
1256 676 1365 746 locum
1388 683 1501 745 teneat
1523 684 1669 746 octavus.
1692 677 1807 745 Habet

315 768 401 834 enim
424 768 478 834 hic
499 767 584 834 liber
605 774 738 852 praeter
760 768 880 835 multos
905 769 1035 835 ordines
1057 767 1290 836 vocabulorum
1313 765 1489 835 forensium
1518 769 1629 852 capita
1650 768 1807 835 nonnulla

316 857 360 923 ad
383 857 600 940 antiquitates
623 856 874 925 Atheniensium
898 859 1091 942 spectantia,
1115 859 1149 924 in
1173 857 1289 940 quibus
1313 858 1441 941 singula
1463 859 1550 925 inter
1572 880 1607 925 se
1630 859 1808 925 cohaerent

315 952 350 1014 et
372 952 544 1013 contextus
568 948 700 1030 quidam
724 954 757 1013 et
780 948 982 1015 continuatio
1006 948 1159 1016 cernitur.
1189 946 1244 1015 Sic
1267 946 1324 1013 nbi
1346 947 1387 1015 de
1410 949 1635 1015 instrumentis
1655 949 1807 1032 vasisque

315 1034 508 1103 forensibus·
522 1029 557 1117 (ξ
580 1039 621 1105 16
634 1030 791 1119 -§21)‚
820 1039 861 1105 de
884 1037 1070 1106 actionibus
1092 1038 1230 1122 privatis
1253 1042 1287 1104 et
1308 1037 1449 1121 publicis
1475 1029 1512 1119 (ὅ
1524 1038 1568 1105 88
1582 1073 1620 1084 -
1635 1029 1736 1123 ἓ64),
1766 1037 1807 1102 de

316 1125 565 1209 magistratibus
593 1126 786 1211 iudiciisque
813 1124 938 1194 Atticis
967 1118 1080 1208 (ἓὶ85
1099 1165 1137 1174 -
1153 1118 1172 1208 ξ
1187 1121 1264 1203 128)
1293 1127 1411 1210 agitur,
1441 1132 1520 1211 apto
1547 1126 1675 1194 vincqu
1699 1127 1809 1194 omnia

319 1220 397 1284 sunt
414 1211 603 1283 coniuncta.
647 1214 703 1284 Ac
724 1222 926 1301 postremum
948 1216 1073 1284 horum·
1098 1217 1244 1300 capitum
1277 1238 1343 1284 non
1377 1217 1484 1284 solnm
1511 1216 1747 1301 amplissimum
1773 1221 1810 1282 et

318 1304 545 1389 gravissimum
581 1311 641 1388 est,
680 1307 740 1372 sed
778 1307 877 1373 ctiam
904 1305 1054 1373 bonitate
1082 1305 1182 1374 fontis
1212 1306 1418 1390 potissimum
1447 1329 1467 1373 a
1494 1307 1630 1374 Polluce
1659 1305 1809 1391 usurpati

319 1395 455 1477 reliquis
477 1394 573 1477 longe
601 1402 771 1480 praestare
794 1394 932 1462 videtur.
979 1395 1111 1461 Etenim
1138 1394 1243 1462 multa
1271 1398 1519 1477 grammaticum
1549 1419 1589 1463 ex
1616 1393 1809 1463 Aristotelis

321 1484 362 1551 de
386 1482 572 1567 Republica
594 1483 847 1552 Atheniensium
868 1484 982 1552 libello
1005 1484 1046 1552 de
1069 1486 1245 1571 rompsisse
1267 1485 1354 1552 viros
1377 1486 1502 1567 doctos,
1527 1488 1583 1570 qui
1606 1485 1646 1552 de
1669 1485 1810 1552 auctori·

319 1579 389 1640 tate
413 1573 482 1639 eius
505 1573 570 1640 loci
594 1574 826 1655 disseruerunt,
851 1596 916 1640 non
938 1573 1021 1658 fugit
1046 1506 1104 1653 iol.
1120 1573 1319 1642 Valentinus
1341 1574 1431 1641 Rose
1446 1574 1588 1642 Aristot.
1604 1575 1809 1660 pseudepigr.

320 1685 352 1748 p.
376 1663 442 1728 426
466 1683 515 1745 aq.
563 1662 674 1730 Fador
696 1685 759 1730 von
784 1662 963 1748 Stojentin:
988 1663 1041 1730 De
1064 1663 1148 1729 Julii
1170 1663 1316 1730 Pollucis
1339 1664 1373 1729 in
1395 1665 1535 1747 publicis
1558 1664 1811 1731 Atheniensium

319 1751 573 1835 antiquitatibus
592 1753 785 1819 enarrandis
798 1754 1005 1820 auctoritate.
1030 1752 1252 1822 Vratislaviae
1267 1745 1378 1834 1875).
1409 1752 1476 1820 Sed
1493 1775 1566 1820 cum
1582 1752 1667 1821 libro
1678 1751 1810 1821 Aristo-

319 1842 417 1922 teleo,
432 1862 529 1924 quem
544 1843 658 1924 „quasi
671 1864 711 1908 ex
721 1843 793 1926 ipso
806 1833 914 1909 Orco“
933 1842 1052 1909 abhinc
1064 1842 1214 1908 undecim
1227 1863 1330 1908 annos
1343 1845 1615 1927 recuperavimus,
1632 1844 1812 1910 etiamtunc

321 1935 463 2014 egerent,
486 1952 555 1997 rem
572 1932 616 1998 ad
629 1931 790 2014 liquidum
813 1932 992 2016 perducere
1008 1953 1072 1997 non
1094 1936 1281 2016 potuerunt,
1317 1932 1393 2002 Hoc
1408 1939 1518 1999 autem
1541 1938 1579 1999 ut
1601 1933 1813 1999 observarent

321 2021 369 2087 eis
381 2020 450 2086 'iam
466 2020 604 2102 contigit
618 2020 785 2088 Pollucem
811 2020 1084 2104 quemadmodum
1098 2020 1132 2086 iu
1149 2020 1221 2086 aliis
1245 2022 1352 2104 operis
1367 2021 1526 2105 partibus,
1550 2023 1598 2088 sic
1612 2020 1666 2087 hic
1681 2042 1812 2106 quoque

320 2130 386 2177 non
408 2110 505 2176 unius
528 2110 666 2193 vestigia
688 2112 857 2194 pressisse,
883 2111 941 2177 sed
964 2133 1005 2177 ex
1028 2109 1249 2193 compluribus
1264 2110 1360 2176 simul
1383 2110 1528 2178 fontibus
1545 2132 1605 2177 sua
1627 2117 1812 2177 mutuatum

321 2219 392 2266 esse
416 2190 472 2276 (cf.
494 2195 642 2265 Althaus
665 2200 687 2265 l.
704 2201 726 2265 l.
742 2221 774 2282 p.
792 2200 835 2266 38
851 2221 922 2283 sqq.
969 2198 1133 2282 Stojentin
1157 2199 1179 2264 l.
1195 2198 1217 2264 l.
1242 2221 1273 2283 p.
1299 2200 1341 2268 88
1366 2192 1463 2285 sqq).
1510 2199 1607 2267 Nunc
1629 2222 1706 2267 vero
1729 2220 1813 2267 novo

324 2288 669 2462 itidiiislil
685 2294 837 2461 {tet}
855 2295 1014 2462 Attii..
1027 2286 1813 2467 ‘itlliffiilllhiffilffiilhhsslh

326 2473 464 2540 alterius
500 2472 593 2539 fonte
629 2479 663 2540 et
696 2475 905 2540 auctoritate.
953 2474 1097 2557 Dorpati
1122 2474 1206 2540 1897
1235 2497 1267 2558 p.
1292 2469 1350 2551 67)
1384 2476 1529 2544 Pollucis
1564 2476 1747 2542 doctrinam
1769 2473 1814 2539 ad

324 2560 546 2629 Aristotelem
561 2568 596 2628 et
610 2561 897 2646 Atthidographos
921 2570 955 2630 et
977 2564 1103 2629 lexicon
1128 2563 1294 2645 quoddam
1309 2558 1536 2647 rhetoricum¹)
1559 2565 1677 2647 redire,
1701 2584 1814 2648 quam-

328 2672 428 2735 quam
450 2651 549 2718 facile
571 2652 775 2736 intellegitur
797 2653 873 2719 Inde
896 2674 917 2719 a
940 2644 959 2734 ξ
984 2653 1026 2719 85
1048 2672 1152 2736 usque
1187 2652 1230 2719 ad
1254 2645 1273 2734 ξ
1299 2654 1362 2721 102
1384 2655 1615 2740 philosophum
1642 2655 1672 2721 ei
1699 2652 1815 2719 ducem

325 2741 426 2809 fuisse
450 2745 484 2806 ct
508 2742 670 2807 comitem.
717 2741 783 2810 Sed
807 2742 870 2808 hac
892 2742 934 2808 do
955 2741 1073 2808 ceteris
1089 2741 1235 2809 Pollucis
1258 2742 1403 2811 fontibus
1427 2745 1618 2827 quaestione
1640 2747 1768 2809 remota
1782 2741 1816 2807 in

326 2851 382 2898 cos
405 2836 536 2896 tantum
558 2829 648 2897 locos
673 2836 710 2897 nt
732 2832 929 2914 inquirerem
952 2832 1032 2897 mihi
1054 2832 1219 2914 proposui,
1245 2833 1301 2916 qui
1324 2834 1402 2917 quin
1425 2833 1467 2899 ad
1483 2831 1676 2900 Aristotelis
1700 2829 1816 2898 deRe·

327 2919 460 3005 publica
483 2917 736 2987 Atheniensium
770 2921 847 2987 libri
881 2926 1009 3004 partem
1044 2919 1182 2986 alteram
1205 2921 1366 2988 referendi
1399 2922 1474 3006 sint,
1511 2922 1656 2989 dubitari
1690 2919 1815 3005 nequit.

430 3006 495 3095 His
518 3009 705 3093 praemissis
729 3010 842 3076 statim
864 3010 897 3075 in
920 3010 1045 3077 medias
1067 3030 1121 3076 res
1142 3008 1396 3093 proficiscamur.

430 3097 633 3186 Aristoteles
647 3120 717 3165 rem
732 3098 899 3184 publicam
914 3098 1166 3167 Atheniensium
1184 3100 1407 3185 descripturus
1423 3101 1595 3168 materiam
1611 3101 1692 3166 scite
1709 3099 1818 3165 divisit

323 3189 357 3254 in
381 3188 464 3254 duas
487 3194 610 3274 partes,
636 3210 781 3272 quarum,
797 3188 903 3254 altera
925 3189 1126 3274 reipublicae
1148 3189 1266 3255 histori
1325 3190 1432 3257 altera
1454 3191 1561 3275 qualis
1584 3190 1685 3274 ipsius
1707 3192 1817 3255 aetate

325 3277 376 3343 vel
390 3278 500 3361 potius
524 3278 601 3344 inde
624 3278 666 3344 ab
690 3252 858 3366 enno³7429
881 3300 985 3362 usque
1008 3279 1050 3345 ad
1075 3261 1278 3361 annum⁷pl25
1340 3280 1440 3346 fuerit
1461 3280 1695 3347 constitutione
1716 3277 1818 3344 conti·

324 3372 430 3433 netur.
490 3365 655 3433 Nimirum
693 3369 855 3452 posterior
892 3390 969 3452 pars
1013 3367 1118 3434 libelli
1162 3367 1329 3436 uberrima
1367 3370 1517 3437 doctrina
1553 3369 1681 3453 repleta
1718 3372 1818 3450 atque

326 3456 490 3523 excellens
536 3457 685 3539 diligenti
736 3479 848 3524 eorum
893 3458 1123 3540 explicatione,
1165 3478 1249 3539 quae
1291 3461 1361 3544 ipse
1405 3460 1545 3543 scriptor
1589 3458 1819 3524 observaverat

325 3551 384 3612 aut
419 3567 462 3613 cx
497 3546 629 3630 optimis
666 3546 810 3614 fontibus
845 3546 1011 3625 hauserat,
1050 3544 1180 3611 Polluci
1219 3567 1293 3613 cum
1331 3548 1371 3614 de
1410 3546 1656 3631 magistratibus
1695 3543 1819 3612 Atticis

323 3635 534 3719 expositurus
568 3640 656 3702 esset
686 3641 821 3720 paratas
852 3635 1005 3720 praebuit
1039 3635 1161 3718 copias,
1191 3655 1273 3718 quas
1307 3636 1359 3702 vel
1386 3637 1531 3719 integras
1566 3636 1617 3703 vel
1650 3633 1820 3718 paululum

325 3729 473 3793 mutatas
510 3723 562 3792 vel
602 3725 791 3792 decurtatos
830 3724 892 3805 vel,
926 3725 1015 3809 quod
1052 3724 1159 3790 rarius
1193 3724 1322 3807 accidit,
1363 3725 1596 3792 additamentis
1632 3728 1749 3792 auctas
1786 3722 1821 3789 in

328 3833 410 3897 opus
444 3834 539 3881 suum
571 3807 799 3892 includeret‘)
852 3810 1027 3897 Quomodo
1067 3817 1176 3878 autem
1215 3809 1414 3881 Aristoteles
1450 3818 1677 3898 argumentum
1713 3812 1821 3878 distri·

430 4054 451 4122 ¹)
470 4057 563 4126 Buray
581 4057 599 4113 l.
619 4057 638 4116 1.
657 4073 685 4126 p.
705 4058 758 4112 106
776 4057 867 4126 qualis
882 4061 987 4112 natura
1003 4054 1086 4112 huius
1113 4056 1195 4112 leutoi
1217 4057 1355 4127 deperditi
1383 4056 1468 4113 fuisse
1496 4057 1634 4127 videatur,
1657 4056 1700 4111 his
1712 4123 1714 4127 .
1727 4054 1822 4111 verbIs

332 4128 473 4198 explicata
488 4128 632 4198 „Uterque
652 4127 700 4194 (so.
719 4129 924 4198 Harpocration
936 4133 966 4184 et
977 4128 1085 4198 Pollux)
1097 4133 1211 4198 practer
1222 4129 1404 4185 ArIstotclem
1415 4130 1444 4185 ln
1456 4130 1552 4200 primia
1563 4130 1671 4186 lexicon
1683 4127 1822 4198 quoddam

331 4199 501 4256 rhetoricum
520 4202 548 4255 in
568 4201 695 4257 munibus
714 4199 845 4269 habebat,
865 4201 943 4256 cuius
965 4205 1064 4256 auctor
1080 4201 1173 4256 nescio
1201 4202 1249 4270 qui
1279 4206 1309 4257 et
1336 4202 1396 4271 ipse
1415 4202 1577 4258 Aristotelis
1605 4201 1766 4269 opusculum
1792 4202 1823 4257 in

331 4288 411 4328 usum
441 4288 520 4327 suurn
547 4275 694 4342 convertit,
723 4274 764 4330 ita
791 4277 823 4328 ut
841 4288 857 4328 e
875 4273 992 4342 siugulis
1009 4272 1149 4341 capitibus
1175 4273 1299 4343 singulas
1339 4274 1429 4330 lossae
1449 4273 1563 4331 laceret.
1601 4272 1656 4330 Sed
1675 4271 1728 4328 hoc
1745 4272 1823 4329 fonto

330 4343 454 4400 nondum
474 4349 624 4402 contentus
642 4347 746 4403 adiecit
764 4349 795 4401 et
811 4345 938 4403 intexuit
958 4358 1140 4414 quaecuuque
1159 4360 1194 4400 ex
1213 4290 1371 4402 oratoribus
1388 4347 1482 4416 praeci
1503 4361 1538 4403 ne
1556 4351 1586 4402 et
1597 4345 1708 4402 comicis
1720 4344 1823 4400 Atticis

332 4415 371 4472 ad
390 4416 507 4472 lacunas
526 4418 697 4487 supplendas
715 4423 745 4474 et
762 4418 799 4473 ad
818 4416 1021 4486 diligentiorem
1038 4416 1227 4473 institutorum
1253 4419 1295 4474 rai
1322 4417 1451 4488 publicas
1501 4417 1653 4474 thentensls
1680 4415 1823 4472 scientiam

332 4488 395 4544 uani
413 4489 440 4544 ei
459 4503 522 4545 osse
541 4490 603 4545 visa
615 4496 688 4547 sunt
717 4490 852 4546 Attamen
866 4494 1023 4557 temperare
1036 4487 1088 4543 sibi
1101 4504 1156 4545 non
1171 4490 1271 4560 potuit,
1291 4493 1359 4561 quin
1371 4491 1513 4561 egregium
1526 4489 1630 4546 fontem
1643 4487 1823 4545 Arlstotelem

331 4559 459 4617 omnibus
478 4562 578 4616 ceteris
596 4568 784 4632 praeponeret
803 4565 833 4617 et
849 4562 1021 4630 potissimum
1040 4558 1230 4630 sequeretur“.

341 4671 345 4683 ·
434 4639 456 4709 ⁸)
474 4641 554 4697 Intra
573 4641 624 4698 bos
642 4659 730 4698 annos
749 4643 860 4699 libellus
878 4641 1066 4697 Aristotelem
1079 4643 1248 4711 compositus
1260 4649 1311 4699 est.
1339 4643 1373 4700 cf.
1387 4643 1462 4700 Occil
1474 4644 1552 4699 Torr.
1564 4640 1739 4698 Athenaeum
1753 4643 1825 4699 3302

332 4731 360 4784 p.
380 4714 441 4770 185.
479 4713 604 4783 Lipsius:
622 4714 753 4771 Berichte
771 4714 841 4770 ther
859 4714 904 4770 dio
923 4712 1160 4784 Vernaudluugen
1180 4714 1231 4770 der
1243 4716 1355 4787 Konigl.
1368 4715 1462 4772 Stohs
1474 4713 1627 4773 Gerellsch.
1639 4713 1691 4770 der
1702 4712 1826 4773 wuscu-

331 4784 463 4843 aehatten
482 4801 519 4841 au
535 4786 661 4856 Iaipaig.
690 4788 768 4843 1891.
796 4802 823 4857 p.
840 4787 884 4842 49.
904 4800 968 4842 ann.
989 4786 1014 4843 2.

434 4864 456 4932 ⁴)
475 4866 527 4921 Ilio
540 4881 651 4938 quoquo
664 4866 801 4923 rationem
820 4866 991 4924 onomastico
1027 4865 1101 4936 aphI,
1114 4882 1196 4936 quum
1210 4884 1296 4938 supra
1306 4868 1362 4923 lam
1375 4866 1656 4935 commemoravimus,
1673 4866 1826 4925 observare

332 4939 409 4996 licet.
442 4938 554 4994 Etenim
574 4938 701 5008 quamvis
718 4952 848 5008 magnam
867 4940 995 4996 Arlatote
1007 4940 1033 4994 ei
1056 4941 1247 4995 commentarii
1265 4944 1374 5009 partem
1392 4939 1420 4993 In
1437 4939 1630 4995 onomasticon
1642 4939 1826 5008 transtulerit,

333 5026 396 5066 non
415 5010 536 5081 ingenue
553 5009 661 5066 fatetur
678 5026 714 5065 ex
733 5024 788 5079 quo
806 5012 883 5066 sonte
902 5027 953 5067 sua
971 5014 1054 5081 prata
1075 5011 1243 5080 lrn‘gaverit.
1280 5013 1358 5067 Inest
1374 5010 1403 5065 in
1426 5015 1527 5067 octavo
1554 5009 1626 5067 libro
1652 5026 1723 5067 unua
1740 5010 1825 5077 locus,

330 5083 384 5137 'cui
412 5081 575 5139 Aristotelis
603 5096 703 5139 nomen
734 5081 888 5150 subnexum
911 5092 975 5150 eutr
996 5083 1066 5140 VIII
1089 5084 1124 5138 63
1152 5087 1183 5137 τὸ
1204 5089 1231 5138 ol
1249 5085 1556 5156 nepasarapalltparov
1578 5086 1621 5137 tat
1640 5081 1690 5138 τῶν
1708 5085 1826 5152 tetrum,

335 5153 403 5223 timp
424 5160 451 5209 at
468 5153 515 5210 via
532 5157 699 5228 παραβόλων
716 5153 835 5219 καλοῦσι,
859 5156 1013 5228 παράβολον
1027 5153 1212 5228 'Apcmovths
1229 5159 1302 5226 liras.
1344 5153 1448 5210 Vocem
1473 5153 1624 5226 Staghltac
1651 5152 1760 5212 nomint
1787 5154 1826 5211 in·
